ts_ns,symbol,venue,level,side,price,price_ticks,size,num_orders
1749218400000000000,AAPL,XNAS,1,1,0.9998719096183777,100,8.0,1
1749218400000000000,AAPL,XNAS,1,-1,1.0003329515457153,100,100.0,1
1749218400000000000,AAPL,XNAS,2,1,0.9998207092285156,100,5.0,1
1749218400000000000,AAPL,XNAS,2,-1,1.0003842115402222,100,20.0,1
1749218402000000000,AAPL,XNAS,1,1,0.9998719096183777,100,8.0,1
1749218402000000000,AAPL,XNAS,1,-1,1.0003329515457153,100,100.0,1
1749218402000000000,AAPL,XNAS,2,1,0.9998207092285156,100,4.0,1
1749218402000000000,AAPL,XNAS,2,-1,1.0003842115402222,100,20.0,1
1749218403000000000,AAPL,XNAS,1,1,0.9998719096183777,100,8.0,1
1749218403000000000,AAPL,XNAS,1,-1,1.0003329515457153,100,100.0,1
1749218403000000000,AAPL,XNAS,2,1,0.9998207092285156,100,5.0,1
1749218403000000000,AAPL,XNAS,2,-1,1.0003842115402222,100,25.0,1
1749218404000000000,AAPL,XNAS,1,1,0.9998719096183777,100,8.0,1
1749218404000000000,AAPL,XNAS,1,-1,1.0003329515457153,100,100.0,1
1749218404000000000,AAPL,XNAS,2,1,0.9998207092285156,100,4.0,1
1749218404000000000,AAPL,XNAS,2,-1,1.0003842115402222,100,25.0,1
1749218405000000000,AAPL,XNAS,1,1,0.9998719096183777,100,8.0,1
1749218405000000000,AAPL,XNAS,1,-1,1.0003329515457153,100,100.0,1
1749218405000000000,AAPL,XNAS,2,1,0.9998207092285156,100,3.0,1
1749218405000000000,AAPL,XNAS,2,-1,1.0003842115402222,100,25.0,1
1749218412000000000,AAPL,XNAS,1,1,0.9998719096183777,100,8.0,1
1749218412000000000,AAPL,XNAS,1,-1,1.0003842115402222,100,23.0,1
1749218412000000000,AAPL,XNAS,2,1,0.9998207092285156,100,3.0,1
1749218412000000000,AAPL,XNAS,2,-1,1.000435471534729,100,54.0,1
1749218415000000000,AAPL,XNAS,1,1,1.0001280307769775,100,1.0,1
1749218415000000000,AAPL,XNAS,1,-1,1.0006402730941772,100,157.0,1
1749218415000000000,AAPL,XNAS,2,1,0.9998719096183777,100,8.0,1
1749218415000000000,AAPL,XNAS,2,-1,1.000742793083191,100,69.0,1
1749218416000000000,AAPL,XNAS,1,1,1.0001280307769775,100,1.0,1
1749218416000000000,AAPL,XNAS,1,-1,1.0006402730941772,100,157.0,1
1749218416000000000,AAPL,XNAS,2,1,0.9999231696128845,100,2.0,1
1749218416000000000,AAPL,XNAS,2,-1,1.000742793083191,100,69.0,1
1749218417000000000,AAPL,XNAS,1,1,1.0001280307769775,100,1.0,1
1749218417000000000,AAPL,XNAS,1,-1,1.0006402730941772,100,157.0,1
1749218417000000000,AAPL,XNAS,2,1,0.9999231696128845,100,103.0,1
1749218417000000000,AAPL,XNAS,2,-1,1.000742793083191,100,69.0,1
1749218418000000000,AAPL,XNAS,1,1,1.0001280307769775,100,1.0,1
1749218418000000000,AAPL,XNAS,1,-1,1.0006402730941772,100,157.0,1
1749218418000000000,AAPL,XNAS,2,1,0.9999743700027466,100,101.0,1
1749218418000000000,AAPL,XNAS,2,-1,1.000691533088684,100,68.0,1
1749218419000000000,AAPL,XNAS,1,1,1.0001280307769775,100,2.0,1
1749218419000000000,AAPL,XNAS,1,-1,1.0006402730941772,100,157.0,1
1749218419000000000,AAPL,XNAS,2,1,0.9999231696128845,100,2.0,1
1749218419000000000,AAPL,XNAS,2,-1,1.000691533088684,100,68.0,1
1749218420000000000,AAPL,XNAS,1,1,1.0001280307769775,100,1.0,1
1749218420000000000,AAPL,XNAS,1,-1,1.000691533088684,100,68.0,1
1749218420000000000,AAPL,XNAS,2,1,0.9999231696128845,100,2.0,1
1749218420000000000,AAPL,XNAS,2,-1,1.000742793083191,100,322.0,2
1749218421000000000,AAPL,XNAS,1,1,1.0001280307769775,100,204.0,1
1749218421000000000,AAPL,XNAS,1,-1,1.000691533088684,100,68.0,1
1749218421000000000,AAPL,XNAS,2,1,0.9998719096183777,100,8.0,1
1749218421000000000,AAPL,XNAS,2,-1,1.000742793083191,100,169.0,1
1749218422000000000,AAPL,XNAS,1,1,1.0001280307769775,100,204.0,1
1749218422000000000,AAPL,XNAS,1,-1,1.000691533088684,100,68.0,1
1749218422000000000,AAPL,XNAS,2,1,0.9999743700027466,100,128.0,1
1749218422000000000,AAPL,XNAS,2,-1,1.000742793083191,100,169.0,1
1749218423000000000,AAPL,XNAS,1,1,1.0001280307769775,100,204.0,1
1749218423000000000,AAPL,XNAS,1,-1,1.000998854637146,100,6.0,1
1749218423000000000,AAPL,XNAS,2,1,0.9999743700027466,100,28.0,1
1749218423000000000,AAPL,XNAS,2,-1,1.0010501146316528,100,8.0,1
1749218424000000000,AAPL,XNAS,1,1,1.0007940530776978,100,1.0,1
1749218424000000000,AAPL,XNAS,1,-1,1.000998854637146,100,6.0,1
1749218424000000000,AAPL,XNAS,2,1,1.000435471534729,100,101.0,1
1749218424000000000,AAPL,XNAS,2,-1,1.0010501146316528,100,8.0,1
1749218425000000000,AAPL,XNAS,1,1,1.0007940530776978,100,1.0,1
1749218425000000000,AAPL,XNAS,1,-1,1.0011526346206665,100,81.0,1
1749218425000000000,AAPL,XNAS,2,1,1.000435471534729,100,101.0,1
1749218425000000000,AAPL,XNAS,2,-1,1.0012037754058838,100,20.0,1
1749218426000000000,AAPL,XNAS,1,1,1.0007940530776978,100,1.0,1
1749218426000000000,AAPL,XNAS,1,-1,1.0011526346206665,100,81.0,1
1749218426000000000,AAPL,XNAS,2,1,1.0005378723144531,100,101.0,1
1749218426000000000,AAPL,XNAS,2,-1,1.0012037754058838,100,20.0,1
1749218427000000000,AAPL,XNAS,1,1,1.0007940530776978,100,1.0,1
1749218427000000000,AAPL,XNAS,1,-1,1.0011526346206665,100,81.0,1
1749218427000000000,AAPL,XNAS,2,1,1.00058913230896,100,101.0,1
1749218427000000000,AAPL,XNAS,2,-1,1.0012037754058838,100,20.0,1
1749218428000000000,AAPL,XNAS,1,1,1.0007940530776978,100,1.0,1
1749218428000000000,AAPL,XNAS,1,-1,1.0012037754058838,100,1.0,1
1749218428000000000,AAPL,XNAS,2,1,1.00058913230896,100,1.0,1
1749218428000000000,AAPL,XNAS,2,-1,1.0014086961746216,100,228.0,1
1749218429000000000,AAPL,XNAS,1,1,1.0007940530776978,100,1.0,1
1749218429000000000,AAPL,XNAS,1,-1,1.0012037754058838,100,1.0,1
1749218429000000000,AAPL,XNAS,2,1,1.00058913230896,100,1.0,1
1749218429000000000,AAPL,XNAS,2,-1,1.0014086961746216,100,128.0,1
1749218430000000000,AAPL,XNAS,1,1,1.0007940530776978,100,1.0,1
1749218430000000000,AAPL,XNAS,1,-1,1.0012037754058838,100,1.0,1
1749218430000000000,AAPL,XNAS,2,1,1.0006402730941772,100,101.0,1
1749218430000000000,AAPL,XNAS,2,-1,1.0014086961746216,100,128.0,1
1749218431000000000,AAPL,XNAS,1,1,1.0007940530776978,100,1.0,1
1749218431000000000,AAPL,XNAS,1,-1,1.0012037754058838,100,1.0,1
1749218431000000000,AAPL,XNAS,2,1,1.000691533088684,100,2.0,1
1749218431000000000,AAPL,XNAS,2,-1,1.0014086961746216,100,128.0,1
1749218432000000000,AAPL,XNAS,1,1,1.0007940530776978,100,1.0,1
1749218432000000000,AAPL,XNAS,1,-1,1.0012037754058838,100,1.0,1
1749218432000000000,AAPL,XNAS,2,1,1.000691533088684,100,3.0,1
1749218432000000000,AAPL,XNAS,2,-1,1.0014086961746216,100,128.0,1
1749218434000000000,AAPL,XNAS,1,1,1.0007940530776978,100,1.0,1
1749218434000000000,AAPL,XNAS,1,-1,1.0012037754058838,100,1.0,1
1749218434000000000,AAPL,XNAS,2,1,1.000691533088684,100,203.0,1
1749218434000000000,AAPL,XNAS,2,-1,1.0014086961746216,100,128.0,1
1749218435000000000,AAPL,XNAS,1,1,1.0007940530776978,100,1.0,1
1749218435000000000,AAPL,XNAS,1,-1,1.0012037754058838,100,1.0,1
1749218435000000000,AAPL,XNAS,2,1,1.000691533088684,100,103.0,1
1749218435000000000,AAPL,XNAS,2,-1,1.0014086961746216,100,128.0,1
1749218439000000000,AAPL,XNAS,1,1,1.0007940530776978,100,1.0,1
1749218439000000000,AAPL,XNAS,1,-1,1.0012037754058838,100,1.0,1
1749218439000000000,AAPL,XNAS,2,1,1.000691533088684,100,303.0,2
1749218439000000000,AAPL,XNAS,2,-1,1.0014086961746216,100,128.0,1
1749218440000000000,AAPL,XNAS,1,1,1.0007940530776978,100,1.0,1
1749218440000000000,AAPL,XNAS,1,-1,1.0012037754058838,100,1.0,1
1749218440000000000,AAPL,XNAS,2,1,1.000742793083191,100,1.0,1
1749218440000000000,AAPL,XNAS,2,-1,1.0014086961746216,100,128.0,1
1749218441000000000,AAPL,XNAS,1,1,1.0007940530776978,100,1.0,1
1749218441000000000,AAPL,XNAS,1,-1,1.0012037754058838,100,1.0,1
1749218441000000000,AAPL,XNAS,2,1,1.000691533088684,100,302.0,2
1749218441000000000,AAPL,XNAS,2,-1,1.0014086961746216,100,128.0,1
1749218442000000000,AAPL,XNAS,1,1,1.0007940530776978,100,1.0,1
1749218442000000000,AAPL,XNAS,1,-1,1.0016648769378662,100,103.0,1
1749218442000000000,AAPL,XNAS,2,1,1.000691533088684,100,302.0,2
1749218442000000000,AAPL,XNAS,2,-1,1.0019721984863281,100,28.0,1
1749218443000000000,AAPL,XNAS,1,1,1.0012550354003906,100,1.0,1
1749218443000000000,AAPL,XNAS,1,-1,1.0016648769378662,100,203.0,1
1749218443000000000,AAPL,XNAS,2,1,1.000998854637146,100,200.0,1
1749218443000000000,AAPL,XNAS,2,-1,1.0019721984863281,100,28.0,1
1749218444000000000,AAPL,XNAS,1,1,1.000998854637146,100,200.0,1
1749218444000000000,AAPL,XNAS,1,-1,1.0014599561691284,100,20.0,1
1749218444000000000,AAPL,XNAS,2,1,1.000691533088684,100,104.0,1
1749218444000000000,AAPL,XNAS,2,-1,1.0016648769378662,100,203.0,1
1749218445000000000,AAPL,XNAS,1,1,1.000998854637146,100,200.0,1
1749218445000000000,AAPL,XNAS,1,-1,1.0015110969543457,100,20.0,1
1749218445000000000,AAPL,XNAS,2,1,1.000691533088684,100,232.0,1
1749218445000000000,AAPL,XNAS,2,-1,1.0016648769378662,100,203.0,1
1749218446000000000,AAPL,XNAS,1,1,1.000998854637146,100,200.0,1
1749218446000000000,AAPL,XNAS,1,-1,1.0015110969543457,100,20.0,1
1749218446000000000,AAPL,XNAS,2,1,1.000691533088684,100,132.0,1
1749218446000000000,AAPL,XNAS,2,-1,1.0016648769378662,100,304.0,2
1749218447000000000,AAPL,XNAS,1,1,1.000998854637146,100,204.0,1
1749218447000000000,AAPL,XNAS,1,-1,1.0015110969543457,100,32.0,1
1749218447000000000,AAPL,XNAS,2,1,1.000691533088684,100,128.0,1
1749218447000000000,AAPL,XNAS,2,-1,1.0016648769378662,100,204.0,1
1749218448000000000,AAPL,XNAS,1,1,1.0000768899917603,100,1.0,1
1749218448000000000,AAPL,XNAS,1,-1,1.0011013746261597,100,278.0,2
1749218448000000000,AAPL,XNAS,2,1,0.9999743700027466,100,29.0,1
1749218448000000000,AAPL,XNAS,2,-1,1.0012550354003906,100,251.0,2
1749218449000000000,AAPL,XNAS,1,1,1.0000768899917603,100,1.0,1
1749218449000000000,AAPL,XNAS,1,-1,1.0011013746261597,100,40.0,1
1749218449000000000,AAPL,XNAS,2,1,0.9999743700027466,100,29.0,1
1749218449000000000,AAPL,XNAS,2,-1,1.0012550354003906,100,151.0,1
1749218450000000000,AAPL,XNAS,1,1,1.0000768899917603,100,1.0,1
1749218450000000000,AAPL,XNAS,1,-1,1.0011013746261597,100,40.0,1
1749218450000000000,AAPL,XNAS,2,1,0.9999743700027466,100,29.0,1
1749218450000000000,AAPL,XNAS,2,-1,1.0011526346206665,100,172.0,1
1749218451000000000,AAPL,XNAS,1,1,1.0000768899917603,100,1.0,1
1749218451000000000,AAPL,XNAS,1,-1,1.0010501146316528,100,51.0,1
1749218451000000000,AAPL,XNAS,2,1,0.9999743700027466,100,29.0,1
1749218451000000000,AAPL,XNAS,2,-1,1.0011013746261597,100,40.0,1
1749218452000000000,AAPL,XNAS,1,1,1.0002816915512085,100,1.0,1
1749218452000000000,AAPL,XNAS,1,-1,1.0010501146316528,100,51.0,1
1749218452000000000,AAPL,XNAS,2,1,1.0000768899917603,100,1.0,1
1749218452000000000,AAPL,XNAS,2,-1,1.0011013746261597,100,40.0,1
1749218453000000000,AAPL,XNAS,1,1,1.0003842115402222,100,100.0,1
1749218453000000000,AAPL,XNAS,1,-1,1.0011013746261597,100,300.0,2
1749218453000000000,AAPL,XNAS,2,1,1.0002816915512085,100,1.0,1
1749218453000000000,AAPL,XNAS,2,-1,1.0011526346206665,100,400.0,3
1749218454000000000,AAPL,XNAS,1,1,1.0003842115402222,100,100.0,1
1749218454000000000,AAPL,XNAS,1,-1,1.0011013746261597,100,309.0,2
1749218454000000000,AAPL,XNAS,2,1,1.0002816915512085,100,1.0,1
1749218454000000000,AAPL,XNAS,2,-1,1.0011526346206665,100,300.0,2
1749218455000000000,AAPL,XNAS,1,1,1.0003842115402222,100,100.0,1
1749218455000000000,AAPL,XNAS,1,-1,1.0011013746261597,100,227.0,1
1749218455000000000,AAPL,XNAS,2,1,1.0002816915512085,100,1.0,1
1749218455000000000,AAPL,XNAS,2,-1,1.0011526346206665,100,300.0,2
1749218456000000000,AAPL,XNAS,1,1,1.0003842115402222,100,100.0,1
1749218456000000000,AAPL,XNAS,1,-1,1.0011013746261597,100,18.0,1
1749218456000000000,AAPL,XNAS,2,1,1.0002816915512085,100,1.0,1
1749218456000000000,AAPL,XNAS,2,-1,1.0011526346206665,100,200.0,1
1749218457000000000,AAPL,XNAS,1,1,1.0003842115402222,100,100.0,1
1749218457000000000,AAPL,XNAS,1,-1,1.0011526346206665,100,212.0,1
1749218457000000000,AAPL,XNAS,2,1,1.0002816915512085,100,1.0,1
1749218457000000000,AAPL,XNAS,2,-1,1.0012550354003906,100,304.0,2
1749218458000000000,AAPL,XNAS,1,1,1.0003842115402222,100,100.0,1
1749218458000000000,AAPL,XNAS,1,-1,1.0011526346206665,100,100.0,1
1749218458000000000,AAPL,XNAS,2,1,1.0002816915512085,100,1.0,1
1749218458000000000,AAPL,XNAS,2,-1,1.0012550354003906,100,253.0,2
1749218460000000000,AAPL,XNAS,1,1,1.0003842115402222,100,100.0,1
1749218460000000000,AAPL,XNAS,1,-1,1.0014599561691284,100,51.0,1
1749218460000000000,AAPL,XNAS,2,1,1.0002816915512085,100,1.0,1
1749218460000000000,AAPL,XNAS,2,-1,1.0016648769378662,100,1.0,1
1749218461000000000,AAPL,XNAS,1,1,1.000742793083191,100,100.0,1
1749218461000000000,AAPL,XNAS,1,-1,1.0012037754058838,100,200.0,1
1749218461000000000,AAPL,XNAS,2,1,1.0004866123199463,100,100.0,1
1749218461000000000,AAPL,XNAS,2,-1,1.0014086961746216,100,100.0,1
1749218462000000000,AAPL,XNAS,1,1,1.000742793083191,100,100.0,1
1749218462000000000,AAPL,XNAS,1,-1,1.0016136169433594,100,37.0,1
1749218462000000000,AAPL,XNAS,2,1,1.0002816915512085,100,1.0,1
1749218462000000000,AAPL,XNAS,2,-1,1.0016648769378662,100,1.0,1
1749218464000000000,AAPL,XNAS,1,1,1.000742793083191,100,100.0,1
1749218464000000000,AAPL,XNAS,1,-1,1.0015110969543457,100,20.0,1
1749218464000000000,AAPL,XNAS,2,1,1.0003329515457153,100,200.0,1
1749218464000000000,AAPL,XNAS,2,-1,1.0016648769378662,100,1.0,1
1749218465000000000,AAPL,XNAS,1,1,1.000742793083191,100,100.0,1
1749218465000000000,AAPL,XNAS,1,-1,1.0014086961746216,100,20.0,1
1749218465000000000,AAPL,XNAS,2,1,1.0003329515457153,100,100.0,1
1749218465000000000,AAPL,XNAS,2,-1,1.0016648769378662,100,1.0,1
1749218470000000000,AAPL,XNAS,1,1,1.000742793083191,100,101.0,1
1749218470000000000,AAPL,XNAS,1,-1,1.0014086961746216,100,171.0,1
1749218470000000000,AAPL,XNAS,2,1,1.000691533088684,100,1.0,1
1749218470000000000,AAPL,XNAS,2,-1,1.0016136169433594,100,300.0,2
1749218471000000000,AAPL,XNAS,1,1,1.000742793083191,100,101.0,1
1749218471000000000,AAPL,XNAS,1,-1,1.0015623569488525,100,11.0,1
1749218471000000000,AAPL,XNAS,2,1,1.000691533088684,100,1.0,1
1749218471000000000,AAPL,XNAS,2,-1,1.0016136169433594,100,5.0,1
1749218473000000000,AAPL,XNAS,1,1,1.0010501146316528,100,1.0,1
1749218473000000000,AAPL,XNAS,1,-1,1.0016648769378662,100,100.0,1
1749218473000000000,AAPL,XNAS,2,1,1.000742793083191,100,101.0,1
1749218473000000000,AAPL,XNAS,2,-1,1.0017160177230835,100,253.0,2
1749218474000000000,AAPL,XNAS,1,1,1.000742793083191,100,1.0,1
1749218474000000000,AAPL,XNAS,1,-1,1.0014599561691284,100,9.0,1
1749218474000000000,AAPL,XNAS,2,1,1.000691533088684,100,1.0,1
1749218474000000000,AAPL,XNAS,2,-1,1.0015110969543457,100,58.0,1
1749218475000000000,AAPL,XNAS,1,1,1.000742793083191,100,1.0,1
1749218475000000000,AAPL,XNAS,1,-1,1.0012550354003906,100,7.0,1
1749218475000000000,AAPL,XNAS,2,1,1.000691533088684,100,1.0,1
1749218475000000000,AAPL,XNAS,2,-1,1.0014599561691284,100,9.0,1
1749218476000000000,AAPL,XNAS,1,1,1.000742793083191,100,201.0,1
1749218476000000000,AAPL,XNAS,1,-1,1.0012550354003906,100,7.0,1
1749218476000000000,AAPL,XNAS,2,1,1.000691533088684,100,1.0,1
1749218476000000000,AAPL,XNAS,2,-1,1.0015110969543457,100,58.0,1
1749218477000000000,AAPL,XNAS,1,1,1.000742793083191,100,201.0,1
1749218477000000000,AAPL,XNAS,1,-1,1.0015110969543457,100,100.0,1
1749218477000000000,AAPL,XNAS,2,1,1.000691533088684,100,1.0,1
1749218477000000000,AAPL,XNAS,2,-1,1.0015623569488525,100,62.0,1
1749218485000000000,AAPL,XNAS,1,1,1.000742793083191,100,201.0,1
1749218485000000000,AAPL,XNAS,1,-1,1.0015110969543457,100,112.0,1
1749218485000000000,AAPL,XNAS,2,1,1.000691533088684,100,1.0,1
1749218485000000000,AAPL,XNAS,2,-1,1.0015623569488525,100,62.0,1
1749218495000000000,AAPL,XNAS,1,1,1.000742793083191,100,201.0,1
1749218495000000000,AAPL,XNAS,1,-1,1.0015110969543457,100,12.0,1
1749218495000000000,AAPL,XNAS,2,1,1.000691533088684,100,1.0,1
1749218495000000000,AAPL,XNAS,2,-1,1.0015623569488525,100,62.0,1
1749218496000000000,AAPL,XNAS,1,1,1.000742793083191,100,201.0,1
1749218496000000000,AAPL,XNAS,1,-1,1.0015623569488525,100,62.0,1
1749218496000000000,AAPL,XNAS,2,1,1.000691533088684,100,1.0,1
1749218496000000000,AAPL,XNAS,2,-1,1.0016136169433594,100,52.0,1
1749218501000000000,AAPL,XNAS,1,1,1.000742793083191,100,201.0,1
1749218501000000000,AAPL,XNAS,1,-1,1.0012037754058838,100,7.0,1
1749218501000000000,AAPL,XNAS,2,1,1.000691533088684,100,1.0,1
1749218501000000000,AAPL,XNAS,2,-1,1.0015623569488525,100,62.0,1
1749218503000000000,AAPL,XNAS,1,1,1.000742793083191,100,201.0,1
1749218503000000000,AAPL,XNAS,1,-1,1.0016648769378662,100,34.0,1
1749218503000000000,AAPL,XNAS,2,1,1.000691533088684,100,1.0,1
1749218503000000000,AAPL,XNAS,2,-1,1.0018696784973145,100,254.0,2
1749218505000000000,AAPL,XNAS,1,1,1.000742793083191,100,201.0,1
1749218505000000000,AAPL,XNAS,1,-1,1.0016648769378662,100,34.0,1
1749218505000000000,AAPL,XNAS,2,1,1.000691533088684,100,1.0,1
1749218505000000000,AAPL,XNAS,2,-1,1.0018696784973145,100,101.0,1
1749218507000000000,AAPL,XNAS,1,1,1.000742793083191,100,202.0,1
1749218507000000000,AAPL,XNAS,1,-1,1.0016648769378662,100,34.0,1
1749218507000000000,AAPL,XNAS,2,1,1.000691533088684,100,1.0,1
1749218507000000000,AAPL,XNAS,2,-1,1.0018696784973145,100,101.0,1
1749218510000000000,AAPL,XNAS,1,1,1.000742793083191,100,202.0,1
1749218510000000000,AAPL,XNAS,1,-1,1.0016648769378662,100,34.0,1
1749218510000000000,AAPL,XNAS,2,1,1.000691533088684,100,1.0,1
1749218510000000000,AAPL,XNAS,2,-1,1.0018185377120972,100,1.0,1
1749218515000000000,AAPL,XNAS,1,1,1.000742793083191,100,202.0,1
1749218515000000000,AAPL,XNAS,1,-1,1.0015110969543457,100,37.0,1
1749218515000000000,AAPL,XNAS,2,1,1.000691533088684,100,1.0,1
1749218515000000000,AAPL,XNAS,2,-1,1.0015623569488525,100,286.0,2
1749218516000000000,AAPL,XNAS,1,1,1.000742793083191,100,202.0,1
1749218516000000000,AAPL,XNAS,1,-1,1.0015110969543457,100,37.0,1
1749218516000000000,AAPL,XNAS,2,1,1.000691533088684,100,1.0,1
1749218516000000000,AAPL,XNAS,2,-1,1.0015623569488525,100,186.0,1
1749218517000000000,AAPL,XNAS,1,1,1.0004866123199463,100,1.0,1
1749218517000000000,AAPL,XNAS,1,-1,1.0011526346206665,100,120.0,1
1749218517000000000,AAPL,XNAS,2,1,1.000435471534729,100,1.0,1
1749218517000000000,AAPL,XNAS,2,-1,1.0014599561691284,100,300.0,2
1749218518000000000,AAPL,XNAS,1,1,1.0004866123199463,100,1.0,1
1749218518000000000,AAPL,XNAS,1,-1,1.0011526346206665,100,20.0,1
1749218518000000000,AAPL,XNAS,2,1,1.000435471534729,100,1.0,1
1749218518000000000,AAPL,XNAS,2,-1,1.0015110969543457,100,107.0,1
1749218519000000000,AAPL,XNAS,1,1,1.0004866123199463,100,1.0,1
1749218519000000000,AAPL,XNAS,1,-1,1.0011013746261597,100,100.0,1
1749218519000000000,AAPL,XNAS,2,1,1.000435471534729,100,1.0,1
1749218519000000000,AAPL,XNAS,2,-1,1.0011526346206665,100,20.0,1
1749218521000000000,AAPL,XNAS,1,1,1.0002305507659912,100,1.0,1
1749218521000000000,AAPL,XNAS,1,-1,1.0011013746261597,100,300.0,2
1749218521000000000,AAPL,XNAS,2,1,1.0001792907714844,100,1.0,1
1749218521000000000,AAPL,XNAS,2,-1,1.0012037754058838,100,14.0,1
1749218522000000000,AAPL,XNAS,1,1,1.0002816915512085,100,200.0,1
1749218522000000000,AAPL,XNAS,1,-1,1.0011526346206665,100,5.0,1
1749218522000000000,AAPL,XNAS,2,1,1.0002305507659912,100,100.0,1
1749218522000000000,AAPL,XNAS,2,-1,1.0013062953948975,100,153.0,1
1749218523000000000,AAPL,XNAS,1,1,1.0002816915512085,100,200.0,1
1749218523000000000,AAPL,XNAS,1,-1,1.0011526346206665,100,5.0,1
1749218523000000000,AAPL,XNAS,2,1,1.0001792907714844,100,1.0,1
1749218523000000000,AAPL,XNAS,2,-1,1.0012037754058838,100,26.0,1
1749218524000000000,AAPL,XNAS,1,1,1.0002816915512085,100,200.0,1
1749218524000000000,AAPL,XNAS,1,-1,1.0011013746261597,100,200.0,1
1749218524000000000,AAPL,XNAS,2,1,1.0001792907714844,100,1.0,1
1749218524000000000,AAPL,XNAS,2,-1,1.0011526346206665,100,20.0,1
1749218526000000000,AAPL,XNAS,1,1,1.0002816915512085,100,200.0,1
1749218526000000000,AAPL,XNAS,1,-1,1.0011013746261597,100,364.0,3
1749218526000000000,AAPL,XNAS,2,1,1.0001792907714844,100,1.0,1
1749218526000000000,AAPL,XNAS,2,-1,1.0011526346206665,100,20.0,1
1749218527000000000,AAPL,XNAS,1,1,1.0002816915512085,100,400.0,3
1749218527000000000,AAPL,XNAS,1,-1,1.0011013746261597,100,353.0,2
1749218527000000000,AAPL,XNAS,2,1,1.0001792907714844,100,1.0,1
1749218527000000000,AAPL,XNAS,2,-1,1.0011526346206665,100,20.0,1
1749218530000000000,AAPL,XNAS,1,1,1.0002816915512085,100,300.0,2
1749218530000000000,AAPL,XNAS,1,-1,1.0011013746261597,100,353.0,2
1749218530000000000,AAPL,XNAS,2,1,1.0001792907714844,100,1.0,1
1749218530000000000,AAPL,XNAS,2,-1,1.0011526346206665,100,20.0,1
1749218531000000000,AAPL,XNAS,1,1,1.000435471534729,100,600.0,5
1749218531000000000,AAPL,XNAS,1,-1,1.0011526346206665,100,20.0,1
1749218531000000000,AAPL,XNAS,2,1,1.0002816915512085,100,200.0,1
1749218531000000000,AAPL,XNAS,2,-1,1.0014086961746216,100,26.0,1
1749218532000000000,AAPL,XNAS,1,1,1.000435471534729,100,700.0,5
1749218532000000000,AAPL,XNAS,1,-1,1.0011013746261597,100,2.0,1
1749218532000000000,AAPL,XNAS,2,1,1.0002816915512085,100,100.0,1
1749218532000000000,AAPL,XNAS,2,-1,1.0011526346206665,100,20.0,1
1749218536000000000,AAPL,XNAS,1,1,1.000435471534729,100,700.0,5
1749218536000000000,AAPL,XNAS,1,-1,1.0011013746261597,100,380.0,3
1749218536000000000,AAPL,XNAS,2,1,1.0002816915512085,100,100.0,1
1749218536000000000,AAPL,XNAS,2,-1,1.0011526346206665,100,100.0,1
1749218543000000000,AAPL,XNAS,1,1,1.000435471534729,100,700.0,5
1749218543000000000,AAPL,XNAS,1,-1,1.000998854637146,100,200.0,1
1749218543000000000,AAPL,XNAS,2,1,1.0002816915512085,100,100.0,1
1749218543000000000,AAPL,XNAS,2,-1,1.0010501146316528,100,100.0,1
1749218546000000000,AAPL,XNAS,1,1,1.000435471534729,100,700.0,5
1749218546000000000,AAPL,XNAS,1,-1,1.000998854637146,100,353.0,2
1749218546000000000,AAPL,XNAS,2,1,1.0002816915512085,100,100.0,1
1749218546000000000,AAPL,XNAS,2,-1,1.0010501146316528,100,100.0,1
1749218551000000000,AAPL,XNAS,1,1,1.000435471534729,100,500.0,4
1749218551000000000,AAPL,XNAS,1,-1,1.0008964538574219,100,200.0,1
1749218551000000000,AAPL,XNAS,2,1,1.0002816915512085,100,100.0,1
1749218551000000000,AAPL,XNAS,2,-1,1.0009477138519287,100,100.0,1
1749218552000000000,AAPL,XNAS,1,1,1.000435471534729,100,500.0,4
1749218552000000000,AAPL,XNAS,1,-1,1.0011013746261597,100,20.0,1
1749218552000000000,AAPL,XNAS,2,1,1.0002816915512085,100,100.0,1
1749218552000000000,AAPL,XNAS,2,-1,1.0013574361801147,100,153.0,1
1749218553000000000,AAPL,XNAS,1,1,1.000435471534729,100,600.0,5
1749218553000000000,AAPL,XNAS,1,-1,1.0011013746261597,100,20.0,1
1749218553000000000,AAPL,XNAS,2,1,1.0002816915512085,100,100.0,1
1749218553000000000,AAPL,XNAS,2,-1,1.0013574361801147,100,153.0,1
1749218554000000000,AAPL,XNAS,1,1,1.000435471534729,100,700.0,5
1749218554000000000,AAPL,XNAS,1,-1,1.000998854637146,100,200.0,1
1749218554000000000,AAPL,XNAS,2,1,1.0002816915512085,100,100.0,1
1749218554000000000,AAPL,XNAS,2,-1,1.0011013746261597,100,20.0,1
1749218555000000000,AAPL,XNAS,1,1,1.0004866123199463,100,300.0,2
1749218555000000000,AAPL,XNAS,1,-1,1.0011013746261597,100,20.0,1
1749218555000000000,AAPL,XNAS,2,1,1.000435471534729,100,700.0,5
1749218555000000000,AAPL,XNAS,2,-1,1.0014086961746216,100,26.0,1
1749218557000000000,AAPL,XNAS,1,1,1.0004866123199463,100,300.0,2
1749218557000000000,AAPL,XNAS,1,-1,1.0011013746261597,100,20.0,1
1749218557000000000,AAPL,XNAS,2,1,1.000435471534729,100,200.0,1
1749218557000000000,AAPL,XNAS,2,-1,1.0014086961746216,100,126.0,1
1749218558000000000,AAPL,XNAS,1,1,1.0004866123199463,100,300.0,2
1749218558000000000,AAPL,XNAS,1,-1,1.0011013746261597,100,160.0,1
1749218558000000000,AAPL,XNAS,2,1,1.000435471534729,100,100.0,1
1749218558000000000,AAPL,XNAS,2,-1,1.0013574361801147,100,153.0,1
1749218561000000000,AAPL,XNAS,1,1,1.0004866123199463,100,302.0,2
1749218561000000000,AAPL,XNAS,1,-1,1.0011013746261597,100,160.0,1
1749218561000000000,AAPL,XNAS,2,1,1.000435471534729,100,100.0,1
1749218561000000000,AAPL,XNAS,2,-1,1.0013574361801147,100,153.0,1
1749218562000000000,AAPL,XNAS,1,1,1.0004866123199463,100,302.0,2
1749218562000000000,AAPL,XNAS,1,-1,1.0011013746261597,100,160.0,1
1749218562000000000,AAPL,XNAS,2,1,1.000435471534729,100,100.0,1
1749218562000000000,AAPL,XNAS,2,-1,1.0014086961746216,100,126.0,1
1749218563000000000,AAPL,XNAS,1,1,1.0006402730941772,100,100.0,1
1749218563000000000,AAPL,XNAS,1,-1,1.0014086961746216,100,26.0,1
1749218563000000000,AAPL,XNAS,2,1,1.0004866123199463,100,202.0,1
1749218563000000000,AAPL,XNAS,2,-1,1.0015623569488525,100,51.0,1
1749218564000000000,AAPL,XNAS,1,1,1.0006402730941772,100,100.0,1
1749218564000000000,AAPL,XNAS,1,-1,1.0014086961746216,100,284.0,2
1749218564000000000,AAPL,XNAS,2,1,1.0004866123199463,100,202.0,1
1749218564000000000,AAPL,XNAS,2,-1,1.0015623569488525,100,51.0,1
1749218565000000000,AAPL,XNAS,1,1,1.0006402730941772,100,202.0,1
1749218565000000000,AAPL,XNAS,1,-1,1.0012037754058838,100,100.0,1
1749218565000000000,AAPL,XNAS,2,1,1.0001792907714844,100,1.0,1
1749218565000000000,AAPL,XNAS,2,-1,1.0014086961746216,100,31.0,1
1749218566000000000,AAPL,XNAS,1,1,1.0006402730941772,100,202.0,1
1749218566000000000,AAPL,XNAS,1,-1,1.0016648769378662,100,46.0,1
1749218566000000000,AAPL,XNAS,2,1,1.0001792907714844,100,1.0,1
1749218566000000000,AAPL,XNAS,2,-1,1.0018185377120972,100,1.0,1
1749218567000000000,AAPL,XNAS,1,1,1.0006402730941772,100,303.0,2
1749218567000000000,AAPL,XNAS,1,-1,1.0018185377120972,100,1.0,1
1749218567000000000,AAPL,XNAS,2,1,1.0005378723144531,100,26.0,1
1749218567000000000,AAPL,XNAS,2,-1,1.0018696784973145,100,153.0,1
1749218568000000000,AAPL,XNAS,1,1,1.0006402730941772,100,304.0,2
1749218568000000000,AAPL,XNAS,1,-1,1.0018185377120972,100,254.0,2
1749218568000000000,AAPL,XNAS,2,1,1.0005378723144531,100,26.0,1
1749218568000000000,AAPL,XNAS,2,-1,1.0019721984863281,100,28.0,1
1749218569000000000,AAPL,XNAS,1,1,1.0006402730941772,100,204.0,1
1749218569000000000,AAPL,XNAS,1,-1,1.0014086961746216,100,7.0,1
1749218569000000000,AAPL,XNAS,2,1,1.0001792907714844,100,1.0,1
1749218569000000000,AAPL,XNAS,2,-1,1.0016136169433594,100,286.0,2
1749218570000000000,AAPL,XNAS,1,1,1.0006402730941772,100,103.0,1
1749218570000000000,AAPL,XNAS,1,-1,1.0013574361801147,100,255.0,2
1749218570000000000,AAPL,XNAS,2,1,1.0001792907714844,100,1.0,1
1749218570000000000,AAPL,XNAS,2,-1,1.0014086961746216,100,33.0,1
1749218572000000000,AAPL,XNAS,1,1,1.0006402730941772,100,103.0,1
1749218572000000000,AAPL,XNAS,1,-1,1.0013574361801147,100,22.0,1
1749218572000000000,AAPL,XNAS,2,1,1.0004866123199463,100,26.0,1
1749218572000000000,AAPL,XNAS,2,-1,1.0014086961746216,100,7.0,1
1749218573000000000,AAPL,XNAS,1,1,1.0006402730941772,100,103.0,1
1749218573000000000,AAPL,XNAS,1,-1,1.0013574361801147,100,9.0,1
1749218573000000000,AAPL,XNAS,2,1,1.0004866123199463,100,26.0,1
1749218573000000000,AAPL,XNAS,2,-1,1.0014086961746216,100,7.0,1
1749218576000000000,AAPL,XNAS,1,1,1.0006402730941772,100,303.0,2
1749218576000000000,AAPL,XNAS,1,-1,1.0015110969543457,100,18.0,1
1749218576000000000,AAPL,XNAS,2,1,1.0004866123199463,100,26.0,1
1749218576000000000,AAPL,XNAS,2,-1,1.0016648769378662,100,18.0,1
1749218577000000000,AAPL,XNAS,1,1,1.0006402730941772,100,305.0,2
1749218577000000000,AAPL,XNAS,1,-1,1.0015110969543457,100,18.0,1
1749218577000000000,AAPL,XNAS,2,1,1.0004866123199463,100,26.0,1
1749218577000000000,AAPL,XNAS,2,-1,1.0016648769378662,100,18.0,1
1749218578000000000,AAPL,XNAS,1,1,1.0006402730941772,100,305.0,2
1749218578000000000,AAPL,XNAS,1,-1,1.0014599561691284,100,200.0,1
1749218578000000000,AAPL,XNAS,2,1,1.0004866123199463,100,26.0,1
1749218578000000000,AAPL,XNAS,2,-1,1.0015110969543457,100,18.0,1
1749218579000000000,AAPL,XNAS,1,1,1.0006402730941772,100,305.0,2
1749218579000000000,AAPL,XNAS,1,-1,1.0014599561691284,100,112.0,1
1749218579000000000,AAPL,XNAS,2,1,1.0004866123199463,100,26.0,1
1749218579000000000,AAPL,XNAS,2,-1,1.0015110969543457,100,18.0,1
1749218580000000000,AAPL,XNAS,1,1,1.000691533088684,100,2.0,1
1749218580000000000,AAPL,XNAS,1,-1,1.0014599561691284,100,100.0,1
1749218580000000000,AAPL,XNAS,2,1,1.0006402730941772,100,304.0,2
1749218580000000000,AAPL,XNAS,2,-1,1.0015110969543457,100,18.0,1
1749218581000000000,AAPL,XNAS,1,1,1.000691533088684,100,204.0,1
1749218581000000000,AAPL,XNAS,1,-1,1.0014599561691284,100,100.0,1
1749218581000000000,AAPL,XNAS,2,1,1.0006402730941772,100,202.0,1
1749218581000000000,AAPL,XNAS,2,-1,1.0015110969543457,100,18.0,1
1749218582000000000,AAPL,XNAS,1,1,1.000691533088684,100,105.0,1
1749218582000000000,AAPL,XNAS,1,-1,1.0014599561691284,100,118.0,1
1749218582000000000,AAPL,XNAS,2,1,1.0006402730941772,100,202.0,1
1749218582000000000,AAPL,XNAS,2,-1,1.0015110969543457,100,18.0,1
1749218583000000000,AAPL,XNAS,1,1,1.000691533088684,100,104.0,1
1749218583000000000,AAPL,XNAS,1,-1,1.0014599561691284,100,118.0,1
1749218583000000000,AAPL,XNAS,2,1,1.0006402730941772,100,202.0,1
1749218583000000000,AAPL,XNAS,2,-1,1.0015110969543457,100,18.0,1
1749218584000000000,AAPL,XNAS,1,1,1.000691533088684,100,304.0,2
1749218584000000000,AAPL,XNAS,1,-1,1.0014599561691284,100,118.0,1
1749218584000000000,AAPL,XNAS,2,1,1.0006402730941772,100,102.0,1
1749218584000000000,AAPL,XNAS,2,-1,1.0015110969543457,100,38.0,1
1749218586000000000,AAPL,XNAS,1,1,1.000691533088684,100,305.0,2
1749218586000000000,AAPL,XNAS,1,-1,1.0014599561691284,100,171.0,1
1749218586000000000,AAPL,XNAS,2,1,1.0006402730941772,100,100.0,1
1749218586000000000,AAPL,XNAS,2,-1,1.0015110969543457,100,138.0,1
1749218587000000000,AAPL,XNAS,1,1,1.000691533088684,100,305.0,2
1749218587000000000,AAPL,XNAS,1,-1,1.0015110969543457,100,38.0,1
1749218587000000000,AAPL,XNAS,2,1,1.0006402730941772,100,100.0,1
1749218587000000000,AAPL,XNAS,2,-1,1.0016648769378662,100,18.0,1
1749218588000000000,AAPL,XNAS,1,1,1.000691533088684,100,305.0,2
1749218588000000000,AAPL,XNAS,1,-1,1.0015110969543457,100,20.0,1
1749218588000000000,AAPL,XNAS,2,1,1.0006402730941772,100,100.0,1
1749218588000000000,AAPL,XNAS,2,-1,1.0016648769378662,100,18.0,1
1749218591000000000,AAPL,XNAS,1,1,1.000691533088684,100,305.0,2
1749218591000000000,AAPL,XNAS,1,-1,1.0015110969543457,100,20.0,1
1749218591000000000,AAPL,XNAS,2,1,1.0006402730941772,100,100.0,1
1749218591000000000,AAPL,XNAS,2,-1,1.0016648769378662,100,18.0,1
1749218595000000000,AAPL,XNAS,1,1,1.0010501146316528,100,1.0,1
1749218595000000000,AAPL,XNAS,1,-1,1.0014599561691284,100,104.0,1
1749218595000000000,AAPL,XNAS,2,1,1.000691533088684,100,304.0,2
1749218595000000000,AAPL,XNAS,2,-1,1.0015110969543457,100,20.0,1
1749218596000000000,AAPL,XNAS,1,1,1.0010501146316528,100,1.0,1
1749218596000000000,AAPL,XNAS,1,-1,1.0014599561691284,100,4.0,1
1749218596000000000,AAPL,XNAS,2,1,1.000691533088684,100,304.0,2
1749218596000000000,AAPL,XNAS,2,-1,1.0015110969543457,100,20.0,1
1749218597000000000,AAPL,XNAS,1,1,1.0010501146316528,100,1.0,1
1749218597000000000,AAPL,XNAS,1,-1,1.0014599561691284,100,4.0,1
1749218597000000000,AAPL,XNAS,2,1,1.000742793083191,100,102.0,1
1749218597000000000,AAPL,XNAS,2,-1,1.0015110969543457,100,20.0,1
1749218598000000000,AAPL,XNAS,1,1,1.0010501146316528,100,1.0,1
1749218598000000000,AAPL,XNAS,1,-1,1.0014599561691284,100,4.0,1
1749218598000000000,AAPL,XNAS,2,1,1.000742793083191,100,103.0,1
1749218598000000000,AAPL,XNAS,2,-1,1.0015110969543457,100,20.0,1
1749218600000000000,AAPL,XNAS,1,1,1.0010501146316528,100,1.0,1
1749218600000000000,AAPL,XNAS,1,-1,1.0014599561691284,100,104.0,1
1749218600000000000,AAPL,XNAS,2,1,1.000742793083191,100,103.0,1
1749218600000000000,AAPL,XNAS,2,-1,1.0015110969543457,100,25.0,1
1749218601000000000,AAPL,XNAS,1,1,1.0010501146316528,100,1.0,1
1749218601000000000,AAPL,XNAS,1,-1,1.0014599561691284,100,104.0,1
1749218601000000000,AAPL,XNAS,2,1,1.0007940530776978,100,301.0,2
1749218601000000000,AAPL,XNAS,2,-1,1.0015110969543457,100,25.0,1
1749218603000000000,AAPL,XNAS,1,1,1.0010501146316528,100,1.0,1
1749218603000000000,AAPL,XNAS,1,-1,1.0014599561691284,100,104.0,1
1749218603000000000,AAPL,XNAS,2,1,1.0007940530776978,100,303.0,2
1749218603000000000,AAPL,XNAS,2,-1,1.0015110969543457,100,25.0,1
1749218611000000000,AAPL,XNAS,1,1,1.0010501146316528,100,1.0,1
1749218611000000000,AAPL,XNAS,1,-1,1.0014599561691284,100,98.0,1
1749218611000000000,AAPL,XNAS,2,1,1.000845193862915,100,3.0,1
1749218611000000000,AAPL,XNAS,2,-1,1.0015110969543457,100,25.0,1
1749218612000000000,AAPL,XNAS,1,1,1.0010501146316528,100,1.0,1
1749218612000000000,AAPL,XNAS,1,-1,1.0018185377120972,100,292.0,2
1749218612000000000,AAPL,XNAS,2,1,1.0009477138519287,100,101.0,1
1749218612000000000,AAPL,XNAS,2,-1,1.0018696784973145,100,100.0,1
1749218613000000000,AAPL,XNAS,1,1,1.0010501146316528,100,2.0,1
1749218613000000000,AAPL,XNAS,1,-1,1.0018185377120972,100,292.0,2
1749218613000000000,AAPL,XNAS,2,1,1.0009477138519287,100,100.0,1
1749218613000000000,AAPL,XNAS,2,-1,1.0018696784973145,100,100.0,1
1749218614000000000,AAPL,XNAS,1,1,1.0010501146316528,100,102.0,1
1749218614000000000,AAPL,XNAS,1,-1,1.0018185377120972,100,139.0,1
1749218614000000000,AAPL,XNAS,2,1,1.000845193862915,100,2.0,1
1749218614000000000,AAPL,XNAS,2,-1,1.0019209384918213,100,153.0,1
1749218615000000000,AAPL,XNAS,1,1,1.0010501146316528,100,504.0,4
1749218615000000000,AAPL,XNAS,1,-1,1.0018185377120972,100,139.0,1
1749218615000000000,AAPL,XNAS,2,1,1.000845193862915,100,2.0,1
1749218615000000000,AAPL,XNAS,2,-1,1.0019209384918213,100,153.0,1
1749218616000000000,AAPL,XNAS,1,1,1.0010501146316528,100,506.0,4
1749218616000000000,AAPL,XNAS,1,-1,1.0018185377120972,100,139.0,1
1749218616000000000,AAPL,XNAS,2,1,1.0007940530776978,100,100.0,1
1749218616000000000,AAPL,XNAS,2,-1,1.0019209384918213,100,153.0,1
1749218617000000000,AAPL,XNAS,1,1,1.0010501146316528,100,506.0,4
1749218617000000000,AAPL,XNAS,1,-1,1.0018185377120972,100,39.0,1
1749218617000000000,AAPL,XNAS,2,1,1.0007940530776978,100,100.0,1
1749218617000000000,AAPL,XNAS,2,-1,1.0019721984863281,100,28.0,1
1749218618000000000,AAPL,XNAS,1,1,1.0010501146316528,100,508.0,4
1749218618000000000,AAPL,XNAS,1,-1,1.0018185377120972,100,39.0,1
1749218618000000000,AAPL,XNAS,2,1,1.0007940530776978,100,100.0,1
1749218618000000000,AAPL,XNAS,2,-1,1.0019721984863281,100,28.0,1
1749218621000000000,AAPL,XNAS,1,1,1.0010501146316528,100,506.0,4
1749218621000000000,AAPL,XNAS,1,-1,1.0018185377120972,100,39.0,1
1749218621000000000,AAPL,XNAS,2,1,1.0007940530776978,100,100.0,1
1749218621000000000,AAPL,XNAS,2,-1,1.0019209384918213,100,1.0,1
1749218623000000000,AAPL,XNAS,1,1,1.0013062953948975,100,2.0,1
1749218623000000000,AAPL,XNAS,1,-1,1.0018185377120972,100,39.0,1
1749218623000000000,AAPL,XNAS,2,1,1.0011013746261597,100,28.0,1
1749218623000000000,AAPL,XNAS,2,-1,1.0019209384918213,100,1.0,1
1749218624000000000,AAPL,XNAS,1,1,1.0013062953948975,100,3.0,1
1749218624000000000,AAPL,XNAS,1,-1,1.0018185377120972,100,38.0,1
1749218624000000000,AAPL,XNAS,2,1,1.0012037754058838,100,300.0,2
1749218624000000000,AAPL,XNAS,2,-1,1.0019209384918213,100,1.0,1
1749218625000000000,AAPL,XNAS,1,1,1.0013062953948975,100,103.0,1
1749218625000000000,AAPL,XNAS,1,-1,1.0018185377120972,100,38.0,1
1749218625000000000,AAPL,XNAS,2,1,1.0012037754058838,100,300.0,2
1749218625000000000,AAPL,XNAS,2,-1,1.0019209384918213,100,1.0,1
1749218626000000000,AAPL,XNAS,1,1,1.0013062953948975,100,103.0,1
1749218626000000000,AAPL,XNAS,1,-1,1.0018185377120972,100,38.0,1
1749218626000000000,AAPL,XNAS,2,1,1.0012037754058838,100,500.0,4
1749218626000000000,AAPL,XNAS,2,-1,1.0019209384918213,100,1.0,1
1749218627000000000,AAPL,XNAS,1,1,1.0013062953948975,100,204.0,1
1749218627000000000,AAPL,XNAS,1,-1,1.0019209384918213,100,1.0,1
1749218627000000000,AAPL,XNAS,2,1,1.0012037754058838,100,400.0,3
1749218627000000000,AAPL,XNAS,2,-1,1.0025357007980347,100,29.0,1
1749218628000000000,AAPL,XNAS,1,1,1.0013062953948975,100,207.0,1
1749218628000000000,AAPL,XNAS,1,-1,1.0019209384918213,100,1.0,1
1749218628000000000,AAPL,XNAS,2,1,1.0012037754058838,100,400.0,3
1749218628000000000,AAPL,XNAS,2,-1,1.00227952003479,100,153.0,1
1749218632000000000,AAPL,XNAS,1,1,1.0015623569488525,100,4.0,1
1749218632000000000,AAPL,XNAS,1,-1,1.0019209384918213,100,1.0,1
1749218632000000000,AAPL,XNAS,2,1,1.0013062953948975,100,203.0,1
1749218632000000000,AAPL,XNAS,2,-1,1.0023820400238037,100,153.0,1
1749218633000000000,AAPL,XNAS,1,1,1.0015623569488525,100,4.0,1
1749218633000000000,AAPL,XNAS,1,-1,1.0019209384918213,100,1.0,1
1749218633000000000,AAPL,XNAS,2,1,1.0013062953948975,100,203.0,1
1749218633000000000,AAPL,XNAS,2,-1,1.0020745992660522,100,168.0,1
1749218634000000000,AAPL,XNAS,1,1,1.0015623569488525,100,2.0,1
1749218634000000000,AAPL,XNAS,1,-1,1.0019209384918213,100,1.0,1
1749218634000000000,AAPL,XNAS,2,1,1.0013062953948975,100,404.0,3
1749218634000000000,AAPL,XNAS,2,-1,1.0025357007980347,100,129.0,1
1749218635000000000,AAPL,XNAS,1,1,1.0015623569488525,100,2.0,1
1749218635000000000,AAPL,XNAS,1,-1,1.0019209384918213,100,1.0,1
1749218635000000000,AAPL,XNAS,2,1,1.0013062953948975,100,401.0,3
1749218635000000000,AAPL,XNAS,2,-1,1.0025357007980347,100,129.0,1
1749218636000000000,AAPL,XNAS,1,1,1.0015623569488525,100,2.0,1
1749218636000000000,AAPL,XNAS,1,-1,1.0019209384918213,100,1.0,1
1749218636000000000,AAPL,XNAS,2,1,1.0013062953948975,100,301.0,2
1749218636000000000,AAPL,XNAS,2,-1,1.0025357007980347,100,129.0,1
1749218638000000000,AAPL,XNAS,1,1,1.0015623569488525,100,2.0,1
1749218638000000000,AAPL,XNAS,1,-1,1.0019209384918213,100,1.0,1
1749218638000000000,AAPL,XNAS,2,1,1.0013062953948975,100,301.0,2
1749218638000000000,AAPL,XNAS,2,-1,1.002125859260559,100,168.0,1
1749218639000000000,AAPL,XNAS,1,1,1.0013062953948975,100,201.0,1
1749218639000000000,AAPL,XNAS,1,-1,1.0019209384918213,100,1.0,1
1749218639000000000,AAPL,XNAS,2,1,1.0012037754058838,100,500.0,4
1749218639000000000,AAPL,XNAS,2,-1,1.0020745992660522,100,168.0,1
1749218640000000000,AAPL,XNAS,1,1,1.0013062953948975,100,201.0,1
1749218640000000000,AAPL,XNAS,1,-1,1.0019209384918213,100,169.0,1
1749218640000000000,AAPL,XNAS,2,1,1.0012037754058838,100,500.0,4
1749218640000000000,AAPL,XNAS,2,-1,1.0025357007980347,100,129.0,1
1749218641000000000,AAPL,XNAS,1,1,1.0013062953948975,100,201.0,1
1749218641000000000,AAPL,XNAS,1,-1,1.0019209384918213,100,169.0,1
1749218641000000000,AAPL,XNAS,2,1,1.0012037754058838,100,500.0,4
1749218641000000000,AAPL,XNAS,2,-1,1.0025357007980347,100,129.0,1
1749218642000000000,AAPL,XNAS,1,1,1.0013062953948975,100,201.0,1
1749218642000000000,AAPL,XNAS,1,-1,1.0019209384918213,100,1.0,1
1749218642000000000,AAPL,XNAS,2,1,1.0012037754058838,100,500.0,4
1749218642000000000,AAPL,XNAS,2,-1,1.0025357007980347,100,129.0,1
1749218643000000000,AAPL,XNAS,1,1,1.0012037754058838,100,500.0,4
1749218643000000000,AAPL,XNAS,1,-1,1.0019209384918213,100,101.0,1
1749218643000000000,AAPL,XNAS,2,1,1.0007940530776978,100,2.0,1
1749218643000000000,AAPL,XNAS,2,-1,1.0023820400238037,100,31.0,1
1749218644000000000,AAPL,XNAS,1,1,1.0012037754058838,100,500.0,4
1749218644000000000,AAPL,XNAS,1,-1,1.0019209384918213,100,101.0,1
1749218644000000000,AAPL,XNAS,2,1,1.0007940530776978,100,2.0,1
1749218644000000000,AAPL,XNAS,2,-1,1.0023820400238037,100,131.0,1
1749218646000000000,AAPL,XNAS,1,1,1.0012037754058838,100,300.0,2
1749218646000000000,AAPL,XNAS,1,-1,1.0019209384918213,100,101.0,1
1749218646000000000,AAPL,XNAS,2,1,1.0007940530776978,100,202.0,1
1749218646000000000,AAPL,XNAS,2,-1,1.0023820400238037,100,131.0,1
1749218649000000000,AAPL,XNAS,1,1,1.0012037754058838,100,200.0,1
1749218649000000000,AAPL,XNAS,1,-1,1.0019209384918213,100,101.0,1
1749218649000000000,AAPL,XNAS,2,1,1.0007940530776978,100,102.0,1
1749218649000000000,AAPL,XNAS,2,-1,1.0023820400238037,100,131.0,1
1749218650000000000,AAPL,XNAS,1,1,1.0012037754058838,100,100.0,1
1749218650000000000,AAPL,XNAS,1,-1,1.0015623569488525,100,100.0,1
1749218650000000000,AAPL,XNAS,2,1,1.000845193862915,100,300.0,2
1749218650000000000,AAPL,XNAS,2,-1,1.0018185377120972,100,151.0,1
1749218652000000000,AAPL,XNAS,1,1,1.0012037754058838,100,100.0,1
1749218652000000000,AAPL,XNAS,1,-1,1.0015623569488525,100,100.0,1
1749218652000000000,AAPL,XNAS,2,1,1.000845193862915,100,200.0,1
1749218652000000000,AAPL,XNAS,2,-1,1.0018185377120972,100,51.0,1
1749218655000000000,AAPL,XNAS,1,1,1.0012037754058838,100,200.0,1
1749218655000000000,AAPL,XNAS,1,-1,1.0016648769378662,100,1.0,1
1749218655000000000,AAPL,XNAS,2,1,1.000845193862915,100,100.0,1
1749218655000000000,AAPL,XNAS,2,-1,1.0018696784973145,100,100.0,1
1749218660000000000,AAPL,XNAS,1,1,1.0015110969543457,100,100.0,1
1749218660000000000,AAPL,XNAS,1,-1,1.0023820400238037,100,31.0,1
1749218660000000000,AAPL,XNAS,2,1,1.0012037754058838,100,600.0,5
1749218660000000000,AAPL,XNAS,2,-1,1.0025357007980347,100,29.0,1
1749218662000000000,AAPL,XNAS,1,1,1.0015110969543457,100,100.0,1
1749218662000000000,AAPL,XNAS,1,-1,1.0023820400238037,100,31.0,1
1749218662000000000,AAPL,XNAS,2,1,1.0012037754058838,100,500.0,4
1749218662000000000,AAPL,XNAS,2,-1,1.0025357007980347,100,29.0,1
1749218664000000000,AAPL,XNAS,1,1,1.0015110969543457,100,100.0,1
1749218664000000000,AAPL,XNAS,1,-1,1.0023820400238037,100,131.0,1
1749218664000000000,AAPL,XNAS,2,1,1.0012037754058838,100,500.0,4
1749218664000000000,AAPL,XNAS,2,-1,1.0025357007980347,100,29.0,1
1749218665000000000,AAPL,XNAS,1,1,1.0015110969543457,100,100.0,1
1749218665000000000,AAPL,XNAS,1,-1,1.0023820400238037,100,131.0,1
1749218665000000000,AAPL,XNAS,2,1,1.0012037754058838,100,600.0,5
1749218665000000000,AAPL,XNAS,2,-1,1.0025357007980347,100,29.0,1
1749218666000000000,AAPL,XNAS,1,1,1.0015110969543457,100,100.0,1
1749218666000000000,AAPL,XNAS,1,-1,1.00227952003479,100,37.0,1
1749218666000000000,AAPL,XNAS,2,1,1.0012037754058838,100,500.0,4
1749218666000000000,AAPL,XNAS,2,-1,1.0023307800292969,100,178.0,1
1749218667000000000,AAPL,XNAS,1,1,1.0015110969543457,100,100.0,1
1749218667000000000,AAPL,XNAS,1,-1,1.00227952003479,100,37.0,1
1749218667000000000,AAPL,XNAS,2,1,1.0012037754058838,100,500.0,4
1749218667000000000,AAPL,XNAS,2,-1,1.0023307800292969,100,178.0,1
1749218669000000000,AAPL,XNAS,1,1,1.0015110969543457,100,100.0,1
1749218669000000000,AAPL,XNAS,1,-1,1.00227952003479,100,42.0,1
1749218669000000000,AAPL,XNAS,2,1,1.0012037754058838,100,500.0,4
1749218669000000000,AAPL,XNAS,2,-1,1.0023307800292969,100,178.0,1
1749218675000000000,AAPL,XNAS,1,1,1.0015110969543457,100,100.0,1
1749218675000000000,AAPL,XNAS,1,-1,1.00227952003479,100,37.0,1
1749218675000000000,AAPL,XNAS,2,1,1.0012037754058838,100,600.0,5
1749218675000000000,AAPL,XNAS,2,-1,1.0023307800292969,100,178.0,1
1749218679000000000,AAPL,XNAS,1,1,1.0015110969543457,100,102.0,1
1749218679000000000,AAPL,XNAS,1,-1,1.00227952003479,100,137.0,1
1749218679000000000,AAPL,XNAS,2,1,1.0012037754058838,100,600.0,5
1749218679000000000,AAPL,XNAS,2,-1,1.0023307800292969,100,178.0,1
1749218682000000000,AAPL,XNAS,1,1,1.0015110969543457,100,102.0,1
1749218682000000000,AAPL,XNAS,1,-1,1.00227952003479,100,137.0,1
1749218682000000000,AAPL,XNAS,2,1,1.0012037754058838,100,600.0,5
1749218682000000000,AAPL,XNAS,2,-1,1.0023307800292969,100,78.0,1
1749218683000000000,AAPL,XNAS,1,1,1.0015110969543457,100,102.0,1
1749218683000000000,AAPL,XNAS,1,-1,1.00227952003479,100,137.0,1
1749218683000000000,AAPL,XNAS,2,1,1.0012037754058838,100,600.0,5
1749218683000000000,AAPL,XNAS,2,-1,1.0023307800292969,100,78.0,1
1749218687000000000,AAPL,XNAS,1,1,1.0019209384918213,100,301.0,2
1749218687000000000,AAPL,XNAS,1,-1,1.0023307800292969,100,1.0,1
1749218687000000000,AAPL,XNAS,2,1,1.0015110969543457,100,1.0,1
1749218687000000000,AAPL,XNAS,2,-1,1.0023820400238037,100,31.0,1
1749218688000000000,AAPL,XNAS,1,1,1.0019209384918213,100,302.0,2
1749218688000000000,AAPL,XNAS,1,-1,1.0023307800292969,100,1.0,1
1749218688000000000,AAPL,XNAS,2,1,1.0012037754058838,100,600.0,5
1749218688000000000,AAPL,XNAS,2,-1,1.0023820400238037,100,31.0,1
1749218689000000000,AAPL,XNAS,1,1,1.0019209384918213,100,302.0,2
1749218689000000000,AAPL,XNAS,1,-1,1.0023307800292969,100,1.0,1
1749218689000000000,AAPL,XNAS,2,1,1.0012037754058838,100,800.0,6
1749218689000000000,AAPL,XNAS,2,-1,1.0023820400238037,100,31.0,1
1749218690000000000,AAPL,XNAS,1,1,1.0019209384918213,100,502.0,4
1749218690000000000,AAPL,XNAS,1,-1,1.0023820400238037,100,93.0,1
1749218690000000000,AAPL,XNAS,2,1,1.0015110969543457,100,25.0,1
1749218690000000000,AAPL,XNAS,2,-1,1.0025357007980347,100,29.0,1
1749218693000000000,AAPL,XNAS,1,1,1.0019209384918213,100,502.0,4
1749218693000000000,AAPL,XNAS,1,-1,1.0025357007980347,100,1.0,1
1749218693000000000,AAPL,XNAS,2,1,1.0015110969543457,100,25.0,1
1749218693000000000,AAPL,XNAS,2,-1,1.0027406215667725,100,100.0,1
1749218696000000000,AAPL,XNAS,1,1,1.0019209384918213,100,502.0,4
1749218696000000000,AAPL,XNAS,1,-1,1.0025357007980347,100,1.0,1
1749218696000000000,AAPL,XNAS,2,1,1.0015110969543457,100,25.0,1
1749218696000000000,AAPL,XNAS,2,-1,1.002586841583252,100,27.0,1
1749218697000000000,AAPL,XNAS,1,1,1.0019209384918213,100,502.0,4
1749218697000000000,AAPL,XNAS,1,-1,1.0025357007980347,100,1.0,1
1749218697000000000,AAPL,XNAS,2,1,1.0015110969543457,100,25.0,1
1749218697000000000,AAPL,XNAS,2,-1,1.002586841583252,100,28.0,1
1749218698000000000,AAPL,XNAS,1,1,1.0019721984863281,100,400.0,3
1749218698000000000,AAPL,XNAS,1,-1,1.0025357007980347,100,1.0,1
1749218698000000000,AAPL,XNAS,2,1,1.0019209384918213,100,402.0,3
1749218698000000000,AAPL,XNAS,2,-1,1.002586841583252,100,1.0,1
1749218699000000000,AAPL,XNAS,1,1,1.0019721984863281,100,103.0,1
1749218699000000000,AAPL,XNAS,1,-1,1.0025357007980347,100,1.0,1
1749218699000000000,AAPL,XNAS,2,1,1.0019209384918213,100,399.0,3
1749218699000000000,AAPL,XNAS,2,-1,1.002586841583252,100,1.0,1
1749218701000000000,AAPL,XNAS,1,1,1.0019721984863281,100,103.0,1
1749218701000000000,AAPL,XNAS,1,-1,1.0025357007980347,100,1.0,1
1749218701000000000,AAPL,XNAS,2,1,1.0019209384918213,100,399.0,3
1749218701000000000,AAPL,XNAS,2,-1,1.002586841583252,100,28.0,1
1749218702000000000,AAPL,XNAS,1,1,1.0019721984863281,100,103.0,1
1749218702000000000,AAPL,XNAS,1,-1,1.0025357007980347,100,106.0,1
1749218702000000000,AAPL,XNAS,2,1,1.0019209384918213,100,399.0,3
1749218702000000000,AAPL,XNAS,2,-1,1.002586841583252,100,28.0,1
1749218704000000000,AAPL,XNAS,1,1,1.0019721984863281,100,102.0,1
1749218704000000000,AAPL,XNAS,1,-1,1.0025357007980347,100,106.0,1
1749218704000000000,AAPL,XNAS,2,1,1.0019209384918213,100,299.0,2
1749218704000000000,AAPL,XNAS,2,-1,1.002586841583252,100,48.0,1
1749218707000000000,AAPL,XNAS,1,1,1.0019721984863281,100,102.0,1
1749218707000000000,AAPL,XNAS,1,-1,1.0025357007980347,100,106.0,1
1749218707000000000,AAPL,XNAS,2,1,1.0019209384918213,100,299.0,2
1749218707000000000,AAPL,XNAS,2,-1,1.002586841583252,100,21.0,1
1749218712000000000,AAPL,XNAS,1,1,1.0019721984863281,100,102.0,1
1749218712000000000,AAPL,XNAS,1,-1,1.002586841583252,100,21.0,1
1749218712000000000,AAPL,XNAS,2,1,1.0019209384918213,100,299.0,2
1749218712000000000,AAPL,XNAS,2,-1,1.0027406215667725,100,100.0,1
1749218713000000000,AAPL,XNAS,1,1,1.0019721984863281,100,205.0,1
1749218713000000000,AAPL,XNAS,1,-1,1.002586841583252,100,21.0,1
1749218713000000000,AAPL,XNAS,2,1,1.0019209384918213,100,299.0,2
1749218713000000000,AAPL,XNAS,2,-1,1.0027406215667725,100,100.0,1
1749218715000000000,AAPL,XNAS,1,1,1.0023307800292969,100,1.0,1
1749218715000000000,AAPL,XNAS,1,-1,1.0027406215667725,100,100.0,1
1749218715000000000,AAPL,XNAS,2,1,1.0019721984863281,100,201.0,1
1749218715000000000,AAPL,XNAS,2,-1,1.0032016038894653,100,27.0,1
1749218717000000000,AAPL,XNAS,1,1,1.0023307800292969,100,1.0,1
1749218717000000000,AAPL,XNAS,1,-1,1.0027406215667725,100,100.0,1
1749218717000000000,AAPL,XNAS,2,1,1.0019721984863281,100,401.0,3
1749218717000000000,AAPL,XNAS,2,-1,1.0032016038894653,100,27.0,1
1749218719000000000,AAPL,XNAS,1,1,1.0023307800292969,100,1.0,1
1749218719000000000,AAPL,XNAS,1,-1,1.0027406215667725,100,100.0,1
1749218719000000000,AAPL,XNAS,2,1,1.0019721984863281,100,301.0,2
1749218719000000000,AAPL,XNAS,2,-1,1.0032016038894653,100,27.0,1
1749218728000000000,AAPL,XNAS,1,1,1.0023307800292969,100,1.0,1
1749218728000000000,AAPL,XNAS,1,-1,1.0027406215667725,100,100.0,1
1749218728000000000,AAPL,XNAS,2,1,1.002177119255066,100,102.0,1
1749218728000000000,AAPL,XNAS,2,-1,1.0032016038894653,100,27.0,1
1749218730000000000,AAPL,XNAS,1,1,1.0023307800292969,100,1.0,1
1749218730000000000,AAPL,XNAS,1,-1,1.0027406215667725,100,100.0,1
1749218730000000000,AAPL,XNAS,2,1,1.002177119255066,100,2.0,1
1749218730000000000,AAPL,XNAS,2,-1,1.0032016038894653,100,27.0,1
1749218732000000000,AAPL,XNAS,1,1,1.0023307800292969,100,1.0,1
1749218732000000000,AAPL,XNAS,1,-1,1.0027406215667725,100,150.0,1
1749218732000000000,AAPL,XNAS,2,1,1.002177119255066,100,2.0,1
1749218732000000000,AAPL,XNAS,2,-1,1.0032016038894653,100,27.0,1
1749218744000000000,AAPL,XNAS,1,1,1.002177119255066,100,2.0,1
1749218744000000000,AAPL,XNAS,1,-1,1.0027406215667725,100,150.0,1
1749218744000000000,AAPL,XNAS,2,1,1.0019721984863281,100,299.0,2
1749218744000000000,AAPL,XNAS,2,-1,1.0032016038894653,100,27.0,1
1749218745000000000,AAPL,XNAS,1,1,1.002177119255066,100,2.0,1
1749218745000000000,AAPL,XNAS,1,-1,1.0023820400238037,100,6.0,1
1749218745000000000,AAPL,XNAS,2,1,1.0019721984863281,100,299.0,2
1749218745000000000,AAPL,XNAS,2,-1,1.0027406215667725,100,150.0,1
1749218747000000000,AAPL,XNAS,1,1,1.002177119255066,100,2.0,1
1749218747000000000,AAPL,XNAS,1,-1,1.0023820400238037,100,6.0,1
1749218747000000000,AAPL,XNAS,2,1,1.0019721984863281,100,300.0,2
1749218747000000000,AAPL,XNAS,2,-1,1.0027406215667725,100,150.0,1
1749218754000000000,AAPL,XNAS,1,1,1.002177119255066,100,2.0,1
1749218754000000000,AAPL,XNAS,1,-1,1.0023820400238037,100,6.0,1
1749218754000000000,AAPL,XNAS,2,1,1.0019721984863281,100,400.0,3
1749218754000000000,AAPL,XNAS,2,-1,1.0027406215667725,100,150.0,1
1749218762000000000,AAPL,XNAS,1,1,1.002177119255066,100,2.0,1
1749218762000000000,AAPL,XNAS,1,-1,1.0023820400238037,100,7.0,1
1749218762000000000,AAPL,XNAS,2,1,1.0019721984863281,100,400.0,3
1749218762000000000,AAPL,XNAS,2,-1,1.0027406215667725,100,150.0,1
1749218764000000000,AAPL,XNAS,1,1,1.002177119255066,100,2.0,1
1749218764000000000,AAPL,XNAS,1,-1,1.0023820400238037,100,7.0,1
1749218764000000000,AAPL,XNAS,2,1,1.0019721984863281,100,400.0,3
1749218764000000000,AAPL,XNAS,2,-1,1.002433180809021,100,20.0,1
1749218774000000000,AAPL,XNAS,1,1,1.0023307800292969,100,1.0,1
1749218774000000000,AAPL,XNAS,1,-1,1.0027406215667725,100,160.0,1
1749218774000000000,AAPL,XNAS,2,1,1.002177119255066,100,313.0,2
1749218774000000000,AAPL,XNAS,2,-1,1.0031503438949585,100,100.0,1
1749218775000000000,AAPL,XNAS,1,1,1.0023307800292969,100,1.0,1
1749218775000000000,AAPL,XNAS,1,-1,1.0027406215667725,100,160.0,1
1749218775000000000,AAPL,XNAS,2,1,1.0022282600402832,100,13.0,1
1749218775000000000,AAPL,XNAS,2,-1,1.0031503438949585,100,100.0,1
1749218776000000000,AAPL,XNAS,1,1,1.0022282600402832,100,2.0,1
1749218776000000000,AAPL,XNAS,1,-1,1.0027406215667725,100,160.0,1
1749218776000000000,AAPL,XNAS,2,1,1.002177119255066,100,211.0,1
1749218776000000000,AAPL,XNAS,2,-1,1.0031503438949585,100,100.0,1
1749218777000000000,AAPL,XNAS,1,1,1.0022282600402832,100,2.0,1
1749218777000000000,AAPL,XNAS,1,-1,1.0027406215667725,100,262.0,2
1749218777000000000,AAPL,XNAS,2,1,1.002177119255066,100,211.0,1
1749218777000000000,AAPL,XNAS,2,-1,1.0031503438949585,100,100.0,1
1749218781000000000,AAPL,XNAS,1,1,1.0022282600402832,100,2.0,1
1749218781000000000,AAPL,XNAS,1,-1,1.0027406215667725,100,262.0,2
1749218781000000000,AAPL,XNAS,2,1,1.002177119255066,100,211.0,1
1749218781000000000,AAPL,XNAS,2,-1,1.0031503438949585,100,200.0,1
1749218783000000000,AAPL,XNAS,1,1,1.0022282600402832,100,2.0,1
1749218783000000000,AAPL,XNAS,1,-1,1.0025357007980347,100,12.0,1
1749218783000000000,AAPL,XNAS,2,1,1.002177119255066,100,211.0,1
1749218783000000000,AAPL,XNAS,2,-1,1.0027406215667725,100,152.0,1
1749218784000000000,AAPL,XNAS,1,1,1.0022282600402832,100,2.0,1
1749218784000000000,AAPL,XNAS,1,-1,1.0025357007980347,100,4.0,1
1749218784000000000,AAPL,XNAS,2,1,1.002177119255066,100,211.0,1
1749218784000000000,AAPL,XNAS,2,-1,1.0027406215667725,100,152.0,1
1749218785000000000,AAPL,XNAS,1,1,1.0022282600402832,100,113.0,1
1749218785000000000,AAPL,XNAS,1,-1,1.0031503438949585,100,100.0,1
1749218785000000000,AAPL,XNAS,2,1,1.002177119255066,100,200.0,1
1749218785000000000,AAPL,XNAS,2,-1,1.0032016038894653,100,27.0,1
1749218786000000000,AAPL,XNAS,1,1,1.0022282600402832,100,214.0,1
1749218786000000000,AAPL,XNAS,1,-1,1.0031503438949585,100,100.0,1
1749218786000000000,AAPL,XNAS,2,1,1.002177119255066,100,100.0,1
1749218786000000000,AAPL,XNAS,2,-1,1.0032016038894653,100,27.0,1
1749218788000000000,AAPL,XNAS,1,1,1.0022282600402832,100,214.0,1
1749218788000000000,AAPL,XNAS,1,-1,1.0031503438949585,100,200.0,1
1749218788000000000,AAPL,XNAS,2,1,1.002177119255066,100,100.0,1
1749218788000000000,AAPL,XNAS,2,-1,1.0032016038894653,100,27.0,1
1749218789000000000,AAPL,XNAS,1,1,1.0022282600402832,100,213.0,1
1749218789000000000,AAPL,XNAS,1,-1,1.0031503438949585,100,200.0,1
1749218789000000000,AAPL,XNAS,2,1,1.002177119255066,100,100.0,1
1749218789000000000,AAPL,XNAS,2,-1,1.0032016038894653,100,27.0,1
1749218793000000000,AAPL,XNAS,1,1,1.0022282600402832,100,213.0,1
1749218793000000000,AAPL,XNAS,1,-1,1.0031503438949585,100,301.0,2
1749218793000000000,AAPL,XNAS,2,1,1.002177119255066,100,100.0,1
1749218793000000000,AAPL,XNAS,2,-1,1.0032016038894653,100,27.0,1
1749218796000000000,AAPL,XNAS,1,1,1.0022282600402832,100,113.0,1
1749218796000000000,AAPL,XNAS,1,-1,1.0031503438949585,100,301.0,2
1749218796000000000,AAPL,XNAS,2,1,1.002177119255066,100,100.0,1
1749218796000000000,AAPL,XNAS,2,-1,1.0032016038894653,100,27.0,1
1749218797000000000,AAPL,XNAS,1,1,1.0022282600402832,100,115.0,1
1749218797000000000,AAPL,XNAS,1,-1,1.0030992031097412,100,559.0,4
1749218797000000000,AAPL,XNAS,2,1,1.002177119255066,100,100.0,1
1749218797000000000,AAPL,XNAS,2,-1,1.0031503438949585,100,201.0,1
1749218798000000000,AAPL,XNAS,1,1,1.0022282600402832,100,115.0,1
1749218798000000000,AAPL,XNAS,1,-1,1.0030992031097412,100,459.0,3
1749218798000000000,AAPL,XNAS,2,1,1.002177119255066,100,100.0,1
1749218798000000000,AAPL,XNAS,2,-1,1.0031503438949585,100,201.0,1
1749218799000000000,AAPL,XNAS,1,1,1.0022282600402832,100,115.0,1
1749218799000000000,AAPL,XNAS,1,-1,1.0030992031097412,100,459.0,3
1749218799000000000,AAPL,XNAS,2,1,1.002177119255066,100,100.0,1
1749218799000000000,AAPL,XNAS,2,-1,1.0031503438949585,100,200.0,1
1749218804000000000,AAPL,XNAS,1,1,1.0022282600402832,100,215.0,1
1749218804000000000,AAPL,XNAS,1,-1,1.0030992031097412,100,459.0,3
1749218804000000000,AAPL,XNAS,2,1,1.0019209384918213,100,25.0,1
1749218804000000000,AAPL,XNAS,2,-1,1.0031503438949585,100,200.0,1
1749218807000000000,AAPL,XNAS,1,1,1.0022282600402832,100,215.0,1
1749218807000000000,AAPL,XNAS,1,-1,1.0030992031097412,100,459.0,3
1749218807000000000,AAPL,XNAS,2,1,1.0019209384918213,100,25.0,1
1749218807000000000,AAPL,XNAS,2,-1,1.0031503438949585,100,100.0,1
1749218808000000000,AAPL,XNAS,1,1,1.0024844408035278,100,13.0,1
1749218808000000000,AAPL,XNAS,1,-1,1.0030992031097412,100,408.0,3
1749218808000000000,AAPL,XNAS,2,1,1.0022282600402832,100,204.0,1
1749218808000000000,AAPL,XNAS,2,-1,1.0031503438949585,100,100.0,1
1749218809000000000,AAPL,XNAS,1,1,1.0024844408035278,100,117.0,1
1749218809000000000,AAPL,XNAS,1,-1,1.0030992031097412,100,708.0,5
1749218809000000000,AAPL,XNAS,2,1,1.0022282600402832,100,100.0,1
1749218809000000000,AAPL,XNAS,2,-1,1.0031503438949585,100,100.0,1
1749218810000000000,AAPL,XNAS,1,1,1.0024844408035278,100,117.0,1
1749218810000000000,AAPL,XNAS,1,-1,1.0030992031097412,100,766.0,6
1749218810000000000,AAPL,XNAS,2,1,1.0022282600402832,100,100.0,1
1749218810000000000,AAPL,XNAS,2,-1,1.0031503438949585,100,100.0,1
1749218812000000000,AAPL,XNAS,1,1,1.0024844408035278,100,117.0,1
1749218812000000000,AAPL,XNAS,1,-1,1.0030992031097412,100,298.0,2
1749218812000000000,AAPL,XNAS,2,1,1.0022282600402832,100,100.0,1
1749218812000000000,AAPL,XNAS,2,-1,1.0031503438949585,100,100.0,1
1749218813000000000,AAPL,XNAS,1,1,1.0024844408035278,100,118.0,1
1749218813000000000,AAPL,XNAS,1,-1,1.0030992031097412,100,197.0,1
1749218813000000000,AAPL,XNAS,2,1,1.0022282600402832,100,100.0,1
1749218813000000000,AAPL,XNAS,2,-1,1.0031503438949585,100,100.0,1
1749218815000000000,AAPL,XNAS,1,1,1.0024844408035278,100,118.0,1
1749218815000000000,AAPL,XNAS,1,-1,1.0030992031097412,100,365.0,3
1749218815000000000,AAPL,XNAS,2,1,1.0022282600402832,100,100.0,1
1749218815000000000,AAPL,XNAS,2,-1,1.0031503438949585,100,100.0,1
1749218816000000000,AAPL,XNAS,1,1,1.0024844408035278,100,118.0,1
1749218816000000000,AAPL,XNAS,1,-1,1.0029966831207275,100,52.0,1
1749218816000000000,AAPL,XNAS,2,1,1.0022282600402832,100,100.0,1
1749218816000000000,AAPL,XNAS,2,-1,1.0030992031097412,100,365.0,3
1749218817000000000,AAPL,XNAS,1,1,1.0024844408035278,100,118.0,1
1749218817000000000,AAPL,XNAS,1,-1,1.0029966831207275,100,1.0,1
1749218817000000000,AAPL,XNAS,2,1,1.0022282600402832,100,100.0,1
1749218817000000000,AAPL,XNAS,2,-1,1.0030992031097412,100,365.0,3
1749218823000000000,AAPL,XNAS,1,1,1.0024844408035278,100,118.0,1
1749218823000000000,AAPL,XNAS,1,-1,1.0029966831207275,100,1.0,1
1749218823000000000,AAPL,XNAS,2,1,1.0022282600402832,100,100.0,1
1749218823000000000,AAPL,XNAS,2,-1,1.0030992031097412,100,365.0,3
1749218831000000000,AAPL,XNAS,1,1,1.0024844408035278,100,118.0,1
1749218831000000000,AAPL,XNAS,1,-1,1.0028942823410034,100,1.0,1
1749218831000000000,AAPL,XNAS,2,1,1.0022282600402832,100,100.0,1
1749218831000000000,AAPL,XNAS,2,-1,1.0029966831207275,100,1.0,1
1749218832000000000,AAPL,XNAS,1,1,1.0024844408035278,100,118.0,1
1749218832000000000,AAPL,XNAS,1,-1,1.0029966831207275,100,1.0,1
1749218832000000000,AAPL,XNAS,2,1,1.0022282600402832,100,100.0,1
1749218832000000000,AAPL,XNAS,2,-1,1.0030992031097412,100,57.0,1
1749218835000000000,AAPL,XNAS,1,1,1.0024844408035278,100,118.0,1
1749218835000000000,AAPL,XNAS,1,-1,1.0029966831207275,100,1.0,1
1749218835000000000,AAPL,XNAS,2,1,1.002023458480835,100,100.0,1
1749218835000000000,AAPL,XNAS,2,-1,1.0030992031097412,100,57.0,1
1749218836000000000,AAPL,XNAS,1,1,1.0024844408035278,100,117.0,1
1749218836000000000,AAPL,XNAS,1,-1,1.0029966831207275,100,1.0,1
1749218836000000000,AAPL,XNAS,2,1,1.002023458480835,100,100.0,1
1749218836000000000,AAPL,XNAS,2,-1,1.0030992031097412,100,57.0,1
1749218837000000000,AAPL,XNAS,1,1,1.0026381015777588,100,25.0,1
1749218837000000000,AAPL,XNAS,1,-1,1.0029966831207275,100,101.0,1
1749218837000000000,AAPL,XNAS,2,1,1.0024844408035278,100,117.0,1
1749218837000000000,AAPL,XNAS,2,-1,1.0030992031097412,100,57.0,1
1749218841000000000,AAPL,XNAS,1,1,1.0026381015777588,100,25.0,1
1749218841000000000,AAPL,XNAS,1,-1,1.0030992031097412,100,57.0,1
1749218841000000000,AAPL,XNAS,2,1,1.0024844408035278,100,117.0,1
1749218841000000000,AAPL,XNAS,2,-1,1.0035089254379272,100,100.0,1
1749218843000000000,AAPL,XNAS,1,1,1.0026381015777588,100,25.0,1
1749218843000000000,AAPL,XNAS,1,-1,1.0030992031097412,100,57.0,1
1749218843000000000,AAPL,XNAS,2,1,1.0024844408035278,100,117.0,1
1749218843000000000,AAPL,XNAS,2,-1,1.0035089254379272,100,268.0,2
1749218845000000000,AAPL,XNAS,1,1,1.0028430223464966,100,11.0,1
1749218845000000000,AAPL,XNAS,1,-1,1.0035089254379272,100,268.0,2
1749218845000000000,AAPL,XNAS,2,1,1.0026381015777588,100,25.0,1
1749218845000000000,AAPL,XNAS,2,-1,1.003611445426941,100,69.0,1
1749218846000000000,AAPL,XNAS,1,1,1.0028430223464966,100,13.0,1
1749218846000000000,AAPL,XNAS,1,-1,1.0035089254379272,100,268.0,2
1749218846000000000,AAPL,XNAS,2,1,1.0026381015777588,100,25.0,1
1749218846000000000,AAPL,XNAS,2,-1,1.003611445426941,100,69.0,1
1749218847000000000,AAPL,XNAS,1,1,1.0028430223464966,100,217.0,1
1749218847000000000,AAPL,XNAS,1,-1,1.0035089254379272,100,268.0,2
1749218847000000000,AAPL,XNAS,2,1,1.0026381015777588,100,25.0,1
1749218847000000000,AAPL,XNAS,2,-1,1.003611445426941,100,69.0,1
1749218848000000000,AAPL,XNAS,1,1,1.0028430223464966,100,218.0,1
1749218848000000000,AAPL,XNAS,1,-1,1.0035089254379272,100,268.0,2
1749218848000000000,AAPL,XNAS,2,1,1.0026381015777588,100,25.0,1
1749218848000000000,AAPL,XNAS,2,-1,1.003611445426941,100,69.0,1
1749218850000000000,AAPL,XNAS,1,1,1.0028430223464966,100,218.0,1
1749218850000000000,AAPL,XNAS,1,-1,1.00345778465271,100,177.0,1
1749218850000000000,AAPL,XNAS,2,1,1.0026381015777588,100,25.0,1
1749218850000000000,AAPL,XNAS,2,-1,1.0035089254379272,100,100.0,1
1749218854000000000,AAPL,XNAS,1,1,1.0028430223464966,100,218.0,1
1749218854000000000,AAPL,XNAS,1,-1,1.003611445426941,100,169.0,1
1749218854000000000,AAPL,XNAS,2,1,1.0026893615722656,100,100.0,1
1749218854000000000,AAPL,XNAS,2,-1,1.003867506980896,100,128.0,1
1749218855000000000,AAPL,XNAS,1,1,1.0028430223464966,100,218.0,1
1749218855000000000,AAPL,XNAS,1,-1,1.003611445426941,100,169.0,1
1749218855000000000,AAPL,XNAS,2,1,1.0026381015777588,100,25.0,1
1749218855000000000,AAPL,XNAS,2,-1,1.003867506980896,100,128.0,1
1749218856000000000,AAPL,XNAS,1,1,1.0028430223464966,100,218.0,1
1749218856000000000,AAPL,XNAS,1,-1,1.003560185432434,100,134.0,1
1749218856000000000,AAPL,XNAS,2,1,1.0026381015777588,100,25.0,1
1749218856000000000,AAPL,XNAS,2,-1,1.003611445426941,100,169.0,1
1749218857000000000,AAPL,XNAS,1,1,1.0028430223464966,100,218.0,1
1749218857000000000,AAPL,XNAS,1,-1,1.003560185432434,100,134.0,1
1749218857000000000,AAPL,XNAS,2,1,1.0026381015777588,100,25.0,1
1749218857000000000,AAPL,XNAS,2,-1,1.003611445426941,100,269.0,2
1749218862000000000,AAPL,XNAS,1,1,1.0028430223464966,100,218.0,1
1749218862000000000,AAPL,XNAS,1,-1,1.0035089254379272,100,151.0,1
1749218862000000000,AAPL,XNAS,2,1,1.0026381015777588,100,25.0,1
1749218862000000000,AAPL,XNAS,2,-1,1.003560185432434,100,245.0,2
1749218863000000000,AAPL,XNAS,1,1,1.0028430223464966,100,218.0,1
1749218863000000000,AAPL,XNAS,1,-1,1.0035089254379272,100,151.0,1
1749218863000000000,AAPL,XNAS,2,1,1.0026381015777588,100,25.0,1
1749218863000000000,AAPL,XNAS,2,-1,1.003560185432434,100,145.0,1
1749218867000000000,AAPL,XNAS,1,1,1.0026381015777588,100,25.0,1
1749218867000000000,AAPL,XNAS,1,-1,1.0033040046691895,100,313.0,2
1749218867000000000,AAPL,XNAS,2,1,1.0023820400238037,100,1.0,1
1749218867000000000,AAPL,XNAS,2,-1,1.0033552646636963,100,251.0,2
1749218868000000000,AAPL,XNAS,1,1,1.0026381015777588,100,25.0,1
1749218868000000000,AAPL,XNAS,1,-1,1.0032016038894653,100,100.0,1
1749218868000000000,AAPL,XNAS,2,1,1.0023820400238037,100,1.0,1
1749218868000000000,AAPL,XNAS,2,-1,1.0032528638839722,100,100.0,1
1749218870000000000,AAPL,XNAS,1,1,1.0026381015777588,100,25.0,1
1749218870000000000,AAPL,XNAS,1,-1,1.0032016038894653,100,173.0,1
1749218870000000000,AAPL,XNAS,2,1,1.0023820400238037,100,1.0,1
1749218870000000000,AAPL,XNAS,2,-1,1.0032528638839722,100,100.0,1
1749218871000000000,AAPL,XNAS,1,1,1.0023820400238037,100,1.0,1
1749218871000000000,AAPL,XNAS,1,-1,1.0032016038894653,100,173.0,1
1749218871000000000,AAPL,XNAS,2,1,1.0023307800292969,100,1.0,1
1749218871000000000,AAPL,XNAS,2,-1,1.0032528638839722,100,100.0,1
1749218872000000000,AAPL,XNAS,1,1,1.0023820400238037,100,1.0,1
1749218872000000000,AAPL,XNAS,1,-1,1.0032016038894653,100,207.0,1
1749218872000000000,AAPL,XNAS,2,1,1.0023307800292969,100,1.0,1
1749218872000000000,AAPL,XNAS,2,-1,1.0032528638839722,100,100.0,1
1749218873000000000,AAPL,XNAS,1,1,1.0023820400238037,100,1.0,1
1749218873000000000,AAPL,XNAS,1,-1,1.0032016038894653,100,207.0,1
1749218873000000000,AAPL,XNAS,2,1,1.0023307800292969,100,1.0,1
1749218873000000000,AAPL,XNAS,2,-1,1.0033040046691895,100,13.0,1
1749218875000000000,AAPL,XNAS,1,1,1.0023820400238037,100,1.0,1
1749218875000000000,AAPL,XNAS,1,-1,1.0032016038894653,100,207.0,1
1749218875000000000,AAPL,XNAS,2,1,1.0023307800292969,100,1.0,1
1749218875000000000,AAPL,XNAS,2,-1,1.0032528638839722,100,27.0,1
1749218891000000000,AAPL,XNAS,1,1,1.0023820400238037,100,1.0,1
1749218891000000000,AAPL,XNAS,1,-1,1.0032016038894653,100,207.0,1
1749218891000000000,AAPL,XNAS,2,1,1.0023307800292969,100,101.0,1
1749218891000000000,AAPL,XNAS,2,-1,1.0032528638839722,100,27.0,1
1749218896000000000,AAPL,XNAS,1,1,1.0023307800292969,100,101.0,1
1749218896000000000,AAPL,XNAS,1,-1,1.0032016038894653,100,273.0,2
1749218896000000000,AAPL,XNAS,2,1,1.00227952003479,100,1.0,1
1749218896000000000,AAPL,XNAS,2,-1,1.0032528638839722,100,27.0,1
1749218900000000000,AAPL,XNAS,1,1,1.0023307800292969,100,101.0,1
1749218900000000000,AAPL,XNAS,1,-1,1.0027917623519897,100,4.0,1
1749218900000000000,AAPL,XNAS,2,1,1.00227952003479,100,1.0,1
1749218900000000000,AAPL,XNAS,2,-1,1.0032016038894653,100,273.0,2
1749218901000000000,AAPL,XNAS,1,1,1.0023307800292969,100,101.0,1
1749218901000000000,AAPL,XNAS,1,-1,1.0032016038894653,100,273.0,2
1749218901000000000,AAPL,XNAS,2,1,1.00227952003479,100,1.0,1
1749218901000000000,AAPL,XNAS,2,-1,1.0032528638839722,100,27.0,1
1749218902000000000,AAPL,XNAS,1,1,1.0023307800292969,100,101.0,1
1749218902000000000,AAPL,XNAS,1,-1,1.0030992031097412,100,300.0,2
1749218902000000000,AAPL,XNAS,2,1,1.00227952003479,100,1.0,1
1749218902000000000,AAPL,XNAS,2,-1,1.0031503438949585,100,232.0,1
1749218903000000000,AAPL,XNAS,1,1,1.0023307800292969,100,101.0,1
1749218903000000000,AAPL,XNAS,1,-1,1.0030992031097412,100,300.0,2
1749218903000000000,AAPL,XNAS,2,1,1.00227952003479,100,1.0,1
1749218903000000000,AAPL,XNAS,2,-1,1.0031503438949585,100,228.0,1
1749218904000000000,AAPL,XNAS,1,1,1.0023307800292969,100,101.0,1
1749218904000000000,AAPL,XNAS,1,-1,1.0029966831207275,100,200.0,1
1749218904000000000,AAPL,XNAS,2,1,1.00227952003479,100,1.0,1
1749218904000000000,AAPL,XNAS,2,-1,1.0030479431152344,100,200.0,1
1749218906000000000,AAPL,XNAS,1,1,1.0023307800292969,100,101.0,1
1749218906000000000,AAPL,XNAS,1,-1,1.0030479431152344,100,94.0,1
1749218906000000000,AAPL,XNAS,2,1,1.00227952003479,100,1.0,1
1749218906000000000,AAPL,XNAS,2,-1,1.0032016038894653,100,173.0,1
1749218908000000000,AAPL,XNAS,1,1,1.0026893615722656,100,100.0,1
1749218908000000000,AAPL,XNAS,1,-1,1.003611445426941,100,69.0,1
1749218908000000000,AAPL,XNAS,2,1,1.002433180809021,100,100.0,1
1749218908000000000,AAPL,XNAS,2,-1,1.0036625862121582,100,1.0,1
1749218909000000000,AAPL,XNAS,1,1,1.0026893615722656,100,100.0,1
1749218909000000000,AAPL,XNAS,1,-1,1.003611445426941,100,269.0,2
1749218909000000000,AAPL,XNAS,2,1,1.0023307800292969,100,1.0,1
1749218909000000000,AAPL,XNAS,2,-1,1.0036625862121582,100,1.0,1
1749218910000000000,AAPL,XNAS,1,1,1.0026893615722656,100,100.0,1
1749218910000000000,AAPL,XNAS,1,-1,1.003560185432434,100,571.0,4
1749218910000000000,AAPL,XNAS,2,1,1.0023307800292969,100,1.0,1
1749218910000000000,AAPL,XNAS,2,-1,1.003611445426941,100,169.0,1
1749218911000000000,AAPL,XNAS,1,1,1.0027917623519897,100,100.0,1
1749218911000000000,AAPL,XNAS,1,-1,1.003560185432434,100,271.0,2
1749218911000000000,AAPL,XNAS,2,1,1.0023307800292969,100,101.0,1
1749218911000000000,AAPL,XNAS,2,-1,1.003611445426941,100,169.0,1
1749218913000000000,AAPL,XNAS,1,1,1.0027917623519897,100,100.0,1
1749218913000000000,AAPL,XNAS,1,-1,1.003560185432434,100,271.0,2
1749218913000000000,AAPL,XNAS,2,1,1.0023820400238037,100,125.0,1
1749218913000000000,AAPL,XNAS,2,-1,1.003611445426941,100,169.0,1
1749218914000000000,AAPL,XNAS,1,1,1.0027917623519897,100,100.0,1
1749218914000000000,AAPL,XNAS,1,-1,1.003560185432434,100,271.0,2
1749218914000000000,AAPL,XNAS,2,1,1.002433180809021,100,1.0,1
1749218914000000000,AAPL,XNAS,2,-1,1.003611445426941,100,169.0,1
1749218917000000000,AAPL,XNAS,1,1,1.0027917623519897,100,100.0,1
1749218917000000000,AAPL,XNAS,1,-1,1.003560185432434,100,271.0,2
1749218917000000000,AAPL,XNAS,2,1,1.0024844408035278,100,27.0,1
1749218917000000000,AAPL,XNAS,2,-1,1.003611445426941,100,169.0,1
1749218927000000000,AAPL,XNAS,1,1,1.0027917623519897,100,101.0,1
1749218927000000000,AAPL,XNAS,1,-1,1.003560185432434,100,171.0,1
1749218927000000000,AAPL,XNAS,2,1,1.0024844408035278,100,27.0,1
1749218927000000000,AAPL,XNAS,2,-1,1.003611445426941,100,169.0,1
1749218928000000000,AAPL,XNAS,1,1,1.0027917623519897,100,101.0,1
1749218928000000000,AAPL,XNAS,1,-1,1.003560185432434,100,172.0,1
1749218928000000000,AAPL,XNAS,2,1,1.0024844408035278,100,27.0,1
1749218928000000000,AAPL,XNAS,2,-1,1.003611445426941,100,169.0,1
1749218930000000000,AAPL,XNAS,1,1,1.0027917623519897,100,101.0,1
1749218930000000000,AAPL,XNAS,1,-1,1.003560185432434,100,240.0,2
1749218930000000000,AAPL,XNAS,2,1,1.0024844408035278,100,27.0,1
1749218930000000000,AAPL,XNAS,2,-1,1.003611445426941,100,169.0,1
1749218931000000000,AAPL,XNAS,1,1,1.0027917623519897,100,101.0,1
1749218931000000000,AAPL,XNAS,1,-1,1.003560185432434,100,220.0,1
1749218931000000000,AAPL,XNAS,2,1,1.0024844408035278,100,27.0,1
1749218931000000000,AAPL,XNAS,2,-1,1.003611445426941,100,169.0,1
1749218934000000000,AAPL,XNAS,1,1,1.002433180809021,100,1.0,1
1749218934000000000,AAPL,XNAS,1,-1,1.0030479431152344,100,4.0,1
1749218934000000000,AAPL,XNAS,2,1,1.0023820400238037,100,26.0,1
1749218934000000000,AAPL,XNAS,2,-1,1.0030992031097412,100,40.0,1
1749218938000000000,AAPL,XNAS,1,1,1.002433180809021,100,1.0,1
1749218938000000000,AAPL,XNAS,1,-1,1.0030479431152344,100,4.0,1
1749218938000000000,AAPL,XNAS,2,1,1.0023820400238037,100,1.0,1
1749218938000000000,AAPL,XNAS,2,-1,1.0030992031097412,100,40.0,1
1749218941000000000,AAPL,XNAS,1,1,1.002433180809021,100,101.0,1
1749218941000000000,AAPL,XNAS,1,-1,1.0030992031097412,100,40.0,1
1749218941000000000,AAPL,XNAS,2,1,1.0023820400238037,100,1.0,1
1749218941000000000,AAPL,XNAS,2,-1,1.0034065246582031,100,56.0,1
1749218956000000000,AAPL,XNAS,1,1,1.002433180809021,100,201.0,1
1749218956000000000,AAPL,XNAS,1,-1,1.0030992031097412,100,40.0,1
1749218956000000000,AAPL,XNAS,2,1,1.0023820400238037,100,1.0,1
1749218956000000000,AAPL,XNAS,2,-1,1.0034065246582031,100,56.0,1
1749218961000000000,AAPL,XNAS,1,1,1.002433180809021,100,201.0,1
1749218961000000000,AAPL,XNAS,1,-1,1.0030992031097412,100,40.0,1
1749218961000000000,AAPL,XNAS,2,1,1.0023820400238037,100,1.0,1
1749218961000000000,AAPL,XNAS,2,-1,1.0034065246582031,100,62.0,1
1749218962000000000,AAPL,XNAS,1,1,1.002433180809021,100,367.0,3
1749218962000000000,AAPL,XNAS,1,-1,1.0034065246582031,100,6.0,1
1749218962000000000,AAPL,XNAS,2,1,1.0023820400238037,100,1.0,1
1749218962000000000,AAPL,XNAS,2,-1,1.00345778465271,100,76.0,1
1749218963000000000,AAPL,XNAS,1,1,1.002433180809021,100,370.0,3
1749218963000000000,AAPL,XNAS,1,-1,1.00345778465271,100,25.0,1
1749218963000000000,AAPL,XNAS,2,1,1.0023820400238037,100,1.0,1
1749218963000000000,AAPL,XNAS,2,-1,1.003560185432434,100,119.0,1
1749218969000000000,AAPL,XNAS,1,1,1.002433180809021,100,330.0,2
1749218969000000000,AAPL,XNAS,1,-1,1.00345778465271,100,75.0,1
1749218969000000000,AAPL,XNAS,2,1,1.0023820400238037,100,1.0,1
1749218969000000000,AAPL,XNAS,2,-1,1.003560185432434,100,119.0,1
1749218974000000000,AAPL,XNAS,1,1,1.002433180809021,100,332.0,2
1749218974000000000,AAPL,XNAS,1,-1,1.00345778465271,100,75.0,1
1749218974000000000,AAPL,XNAS,2,1,1.0023820400238037,100,1.0,1
1749218974000000000,AAPL,XNAS,2,-1,1.003560185432434,100,119.0,1
1749218987000000000,AAPL,XNAS,1,1,1.0024844408035278,100,105.0,1
1749218987000000000,AAPL,XNAS,1,-1,1.00345778465271,100,75.0,1
1749218987000000000,AAPL,XNAS,2,1,1.002433180809021,100,232.0,1
1749218987000000000,AAPL,XNAS,2,-1,1.003560185432434,100,119.0,1
1749218988000000000,AAPL,XNAS,1,1,1.0024844408035278,100,207.0,1
1749218988000000000,AAPL,XNAS,1,-1,1.00345778465271,100,75.0,1
1749218988000000000,AAPL,XNAS,2,1,1.002433180809021,100,127.0,1
1749218988000000000,AAPL,XNAS,2,-1,1.003560185432434,100,119.0,1
1749218989000000000,AAPL,XNAS,1,1,1.0024844408035278,100,207.0,1
1749218989000000000,AAPL,XNAS,1,-1,1.003560185432434,100,119.0,1
1749218989000000000,AAPL,XNAS,2,1,1.002433180809021,100,127.0,1
1749218989000000000,AAPL,XNAS,2,-1,1.003611445426941,100,89.0,1
1749218990000000000,AAPL,XNAS,1,1,1.0027406215667725,100,102.0,1
1749218990000000000,AAPL,XNAS,1,-1,1.003560185432434,100,119.0,1
1749218990000000000,AAPL,XNAS,2,1,1.0024844408035278,100,105.0,1
1749218990000000000,AAPL,XNAS,2,-1,1.003611445426941,100,89.0,1
1749218991000000000,AAPL,XNAS,1,1,1.0027406215667725,100,102.0,1
1749218991000000000,AAPL,XNAS,1,-1,1.003560185432434,100,219.0,1
1749218991000000000,AAPL,XNAS,2,1,1.0024844408035278,100,105.0,1
1749218991000000000,AAPL,XNAS,2,-1,1.003611445426941,100,89.0,1
1749218992000000000,AAPL,XNAS,1,1,1.0027406215667725,100,104.0,1
1749218992000000000,AAPL,XNAS,1,-1,1.003560185432434,100,219.0,1
1749218992000000000,AAPL,XNAS,2,1,1.0024844408035278,100,103.0,1
1749218992000000000,AAPL,XNAS,2,-1,1.003611445426941,100,89.0,1
1749218993000000000,AAPL,XNAS,1,1,1.0027406215667725,100,104.0,1
1749218993000000000,AAPL,XNAS,1,-1,1.003560185432434,100,219.0,1
1749218993000000000,AAPL,XNAS,2,1,1.0024844408035278,100,100.0,1
1749218993000000000,AAPL,XNAS,2,-1,1.003611445426941,100,89.0,1
1749218996000000000,AAPL,XNAS,1,1,1.0027406215667725,100,104.0,1
1749218996000000000,AAPL,XNAS,1,-1,1.0035089254379272,100,151.0,1
1749218996000000000,AAPL,XNAS,2,1,1.0024844408035278,100,100.0,1
1749218996000000000,AAPL,XNAS,2,-1,1.003560185432434,100,219.0,1
1749219000000000000,AAPL,XNAS,1,1,0.997519850730896,100,101.0,1
1749219000000000000,AAPL,XNAS,1,-1,0.9980766177177429,100,75.0,1
1749219000000000000,AAPL,XNAS,2,1,0.9972667694091797,100,4.0,1
1749219000000000000,AAPL,XNAS,2,-1,0.9981778860092163,100,1.0,1
1749219003000000000,AAPL,XNAS,1,1,0.9971149563789368,100,104.0,1
1749219003000000000,AAPL,XNAS,1,-1,0.997519850730896,100,75.0,1
1749219003000000000,AAPL,XNAS,2,1,0.9970643520355225,100,75.0,1
1749219003000000000,AAPL,XNAS,2,-1,0.9975704550743103,100,19.0,1
1749219004000000000,AAPL,XNAS,1,1,0.9969630837440491,100,261.0,2
1749219004000000000,AAPL,XNAS,1,-1,0.9981778860092163,100,1.0,1
1749219004000000000,AAPL,XNAS,2,1,0.9968112707138062,100,27.0,1
1749219004000000000,AAPL,XNAS,2,-1,0.9982284903526306,100,100.0,1
1749219005000000000,AAPL,XNAS,1,1,0.9969630837440491,100,25.0,1
1749219005000000000,AAPL,XNAS,1,-1,0.9980766177177429,100,27.0,1
1749219005000000000,AAPL,XNAS,2,1,0.9968112707138062,100,27.0,1
1749219005000000000,AAPL,XNAS,2,-1,0.9981778860092163,100,147.0,1
1749219007000000000,AAPL,XNAS,1,1,0.9969630837440491,100,25.0,1
1749219007000000000,AAPL,XNAS,1,-1,0.9980766177177429,100,127.0,1
1749219007000000000,AAPL,XNAS,2,1,0.9968112707138062,100,27.0,1
1749219007000000000,AAPL,XNAS,2,-1,0.9981778860092163,100,101.0,1
1749219009000000000,AAPL,XNAS,1,1,0.9969630837440491,100,25.0,1
1749219009000000000,AAPL,XNAS,1,-1,0.9980766177177429,100,227.0,1
1749219009000000000,AAPL,XNAS,2,1,0.9968112707138062,100,27.0,1
1749219009000000000,AAPL,XNAS,2,-1,0.9981778860092163,100,147.0,1
1749219011000000000,AAPL,XNAS,1,1,0.9968112707138062,100,27.0,1
1749219011000000000,AAPL,XNAS,1,-1,0.9980766177177429,100,227.0,1
1749219011000000000,AAPL,XNAS,2,1,0.9966593980789185,100,1.0,1
1749219011000000000,AAPL,XNAS,2,-1,0.9981778860092163,100,147.0,1
1749219017000000000,AAPL,XNAS,1,1,0.9969630837440491,100,125.0,1
1749219017000000000,AAPL,XNAS,1,-1,0.9980766177177429,100,227.0,1
1749219017000000000,AAPL,XNAS,2,1,0.9968112707138062,100,27.0,1
1749219017000000000,AAPL,XNAS,2,-1,0.9981778860092163,100,147.0,1
1749219019000000000,AAPL,XNAS,1,1,0.9969630837440491,100,100.0,1
1749219019000000000,AAPL,XNAS,1,-1,0.9980766177177429,100,200.0,1
1749219019000000000,AAPL,XNAS,2,1,0.9968112707138062,100,27.0,1
1749219019000000000,AAPL,XNAS,2,-1,0.9981778860092163,100,1.0,1
1749219020000000000,AAPL,XNAS,1,1,0.9969630837440491,100,130.0,1
1749219020000000000,AAPL,XNAS,1,-1,0.9980766177177429,100,200.0,1
1749219020000000000,AAPL,XNAS,2,1,0.9968112707138062,100,27.0,1
1749219020000000000,AAPL,XNAS,2,-1,0.9981778860092163,100,1.0,1
1749219025000000000,AAPL,XNAS,1,1,0.9970136880874634,100,200.0,1
1749219025000000000,AAPL,XNAS,1,-1,0.9980766177177429,100,256.0,2
1749219025000000000,AAPL,XNAS,2,1,0.9969630837440491,100,130.0,1
1749219025000000000,AAPL,XNAS,2,-1,0.9981778860092163,100,1.0,1
1749219026000000000,AAPL,XNAS,1,1,0.9970136880874634,100,100.0,1
1749219026000000000,AAPL,XNAS,1,-1,0.9980766177177429,100,256.0,2
1749219026000000000,AAPL,XNAS,2,1,0.9969630837440491,100,130.0,1
1749219026000000000,AAPL,XNAS,2,-1,0.9981778860092163,100,1.0,1
1749219031000000000,AAPL,XNAS,1,1,0.9970136880874634,100,130.0,1
1749219031000000000,AAPL,XNAS,1,-1,0.9980766177177429,100,256.0,2
1749219031000000000,AAPL,XNAS,2,1,0.9969630837440491,100,100.0,1
1749219031000000000,AAPL,XNAS,2,-1,0.9981778860092163,100,1.0,1
1749219036000000000,AAPL,XNAS,1,1,0.9970136880874634,100,130.0,1
1749219036000000000,AAPL,XNAS,1,-1,0.9980766177177429,100,256.0,2
1749219036000000000,AAPL,XNAS,2,1,0.9968112707138062,100,27.0,1
1749219036000000000,AAPL,XNAS,2,-1,0.9981778860092163,100,1.0,1
1749219038000000000,AAPL,XNAS,1,1,0.9970136880874634,100,130.0,1
1749219038000000000,AAPL,XNAS,1,-1,0.9980766177177429,100,256.0,2
1749219038000000000,AAPL,XNAS,2,1,0.9968112707138062,100,27.0,1
1749219038000000000,AAPL,XNAS,2,-1,0.9981778860092163,100,1.0,1
1749219041000000000,AAPL,XNAS,1,1,0.9970136880874634,100,155.0,1
1749219041000000000,AAPL,XNAS,1,-1,0.9980766177177429,100,256.0,2
1749219041000000000,AAPL,XNAS,2,1,0.9968112707138062,100,27.0,1
1749219041000000000,AAPL,XNAS,2,-1,0.9981778860092163,100,1.0,1
1749219046000000000,AAPL,XNAS,1,1,0.9971149563789368,100,100.0,1
1749219046000000000,AAPL,XNAS,1,-1,0.9980766177177429,100,256.0,2
1749219046000000000,AAPL,XNAS,2,1,0.9970643520355225,100,155.0,1
1749219046000000000,AAPL,XNAS,2,-1,0.9981778860092163,100,1.0,1
1749219047000000000,AAPL,XNAS,1,1,0.9970643520355225,100,130.0,1
1749219047000000000,AAPL,XNAS,1,-1,0.9980766177177429,100,256.0,2
1749219047000000000,AAPL,XNAS,2,1,0.9970136880874634,100,126.0,1
1749219047000000000,AAPL,XNAS,2,-1,0.9981778860092163,100,1.0,1
1749219049000000000,AAPL,XNAS,1,1,0.9971149563789368,100,100.0,1
1749219049000000000,AAPL,XNAS,1,-1,0.9980766177177429,100,256.0,2
1749219049000000000,AAPL,XNAS,2,1,0.9970643520355225,100,269.0,2
1749219049000000000,AAPL,XNAS,2,-1,0.9981778860092163,100,1.0,1
1749219050000000000,AAPL,XNAS,1,1,0.9971149563789368,100,200.0,1
1749219050000000000,AAPL,XNAS,1,-1,0.9980766177177429,100,256.0,2
1749219050000000000,AAPL,XNAS,2,1,0.9970643520355225,100,169.0,1
1749219050000000000,AAPL,XNAS,2,-1,0.9981778860092163,100,1.0,1
1749219051000000000,AAPL,XNAS,1,1,0.9971149563789368,100,100.0,1
1749219051000000000,AAPL,XNAS,1,-1,0.9980766177177429,100,256.0,2
1749219051000000000,AAPL,XNAS,2,1,0.9970643520355225,100,139.0,1
1749219051000000000,AAPL,XNAS,2,-1,0.9981778860092163,100,1.0,1
1749219053000000000,AAPL,XNAS,1,1,0.9971149563789368,100,114.0,1
1749219053000000000,AAPL,XNAS,1,-1,0.9980766177177429,100,256.0,2
1749219053000000000,AAPL,XNAS,2,1,0.9970136880874634,100,1.0,1
1749219053000000000,AAPL,XNAS,2,-1,0.9981778860092163,100,1.0,1
1749219056000000000,AAPL,XNAS,1,1,0.9971149563789368,100,139.0,1
1749219056000000000,AAPL,XNAS,1,-1,0.9980766177177429,100,256.0,2
1749219056000000000,AAPL,XNAS,2,1,0.9970136880874634,100,1.0,1
1749219056000000000,AAPL,XNAS,2,-1,0.9981778860092163,100,1.0,1
1749219058000000000,AAPL,XNAS,1,1,0.9971149563789368,100,114.0,1
1749219058000000000,AAPL,XNAS,1,-1,0.9980766177177429,100,256.0,2
1749219058000000000,AAPL,XNAS,2,1,0.9970136880874634,100,1.0,1
1749219058000000000,AAPL,XNAS,2,-1,0.9981778860092163,100,1.0,1
1749219061000000000,AAPL,XNAS,1,1,0.9971149563789368,100,115.0,1
1749219061000000000,AAPL,XNAS,1,-1,0.9980766177177429,100,256.0,2
1749219061000000000,AAPL,XNAS,2,1,0.9970136880874634,100,1.0,1
1749219061000000000,AAPL,XNAS,2,-1,0.9981778860092163,100,1.0,1
1749219081000000000,AAPL,XNAS,1,1,0.9971149563789368,100,115.0,1
1749219081000000000,AAPL,XNAS,1,-1,0.9980766177177429,100,256.0,2
1749219081000000000,AAPL,XNAS,2,1,0.9970136880874634,100,1.0,1
1749219081000000000,AAPL,XNAS,2,-1,0.9981272220611572,100,1.0,1
1749219085000000000,AAPL,XNAS,1,1,0.9971149563789368,100,135.0,1
1749219085000000000,AAPL,XNAS,1,-1,0.9980766177177429,100,258.0,2
1749219085000000000,AAPL,XNAS,2,1,0.9970136880874634,100,41.0,1
1749219085000000000,AAPL,XNAS,2,-1,0.9981272220611572,100,1.0,1
1749219086000000000,AAPL,XNAS,1,1,0.9971149563789368,100,135.0,1
1749219086000000000,AAPL,XNAS,1,-1,0.9980766177177429,100,212.0,1
1749219086000000000,AAPL,XNAS,2,1,0.9970136880874634,100,41.0,1
1749219086000000000,AAPL,XNAS,2,-1,0.9981272220611572,100,1.0,1
1749219087000000000,AAPL,XNAS,1,1,0.9971149563789368,100,115.0,1
1749219087000000000,AAPL,XNAS,1,-1,0.9980766177177429,100,212.0,1
1749219087000000000,AAPL,XNAS,2,1,0.9970136880874634,100,41.0,1
1749219087000000000,AAPL,XNAS,2,-1,0.9981272220611572,100,1.0,1
1749219088000000000,AAPL,XNAS,1,1,0.9971149563789368,100,115.0,1
1749219088000000000,AAPL,XNAS,1,-1,0.9980766177177429,100,212.0,1
1749219088000000000,AAPL,XNAS,2,1,0.9970136880874634,100,1.0,1
1749219088000000000,AAPL,XNAS,2,-1,0.9981272220611572,100,1.0,1
1749219090000000000,AAPL,XNAS,1,1,0.9971149563789368,100,115.0,1
1749219090000000000,AAPL,XNAS,1,-1,0.9980766177177429,100,212.0,1
1749219090000000000,AAPL,XNAS,2,1,0.9968618750572205,100,2.0,1
1749219090000000000,AAPL,XNAS,2,-1,0.9981272220611572,100,1.0,1
1749219098000000000,AAPL,XNAS,1,1,0.9971149563789368,100,115.0,1
1749219098000000000,AAPL,XNAS,1,-1,0.9980766177177429,100,213.0,1
1749219098000000000,AAPL,XNAS,2,1,0.9968618750572205,100,2.0,1
1749219098000000000,AAPL,XNAS,2,-1,0.9981272220611572,100,1.0,1
1749219101000000000,AAPL,XNAS,1,1,0.9971149563789368,100,115.0,1
1749219101000000000,AAPL,XNAS,1,-1,0.9980766177177429,100,259.0,2
1749219101000000000,AAPL,XNAS,2,1,0.9968618750572205,100,2.0,1
1749219101000000000,AAPL,XNAS,2,-1,0.9981272220611572,100,1.0,1
1749219110000000000,AAPL,XNAS,1,1,0.9968618750572205,100,2.0,1
1749219110000000000,AAPL,XNAS,1,-1,0.9979248046875,100,5.0,1
1749219110000000000,AAPL,XNAS,2,1,0.9967606663703918,100,1.0,1
1749219110000000000,AAPL,XNAS,2,-1,0.9980260133743286,100,27.0,1
1749219111000000000,AAPL,XNAS,1,1,0.9968618750572205,100,2.0,1
1749219111000000000,AAPL,XNAS,1,-1,0.9975704550743103,100,4.0,1
1749219111000000000,AAPL,XNAS,2,1,0.9967606663703918,100,1.0,1
1749219111000000000,AAPL,XNAS,2,-1,0.9980260133743286,100,27.0,1
1749219112000000000,AAPL,XNAS,1,1,0.9967606663703918,100,1.0,1
1749219112000000000,AAPL,XNAS,1,-1,0.9975704550743103,100,3.0,1
1749219112000000000,AAPL,XNAS,2,1,0.9961026310920715,100,125.0,1
1749219112000000000,AAPL,XNAS,2,-1,0.9978742003440857,100,1.0,1
1749219113000000000,AAPL,XNAS,1,1,0.9967606663703918,100,1.0,1
1749219113000000000,AAPL,XNAS,1,-1,0.9975704550743103,100,4.0,1
1749219113000000000,AAPL,XNAS,2,1,0.9961026310920715,100,125.0,1
1749219113000000000,AAPL,XNAS,2,-1,0.9978742003440857,100,1.0,1
1749219114000000000,AAPL,XNAS,1,1,0.9967606663703918,100,1.0,1
1749219114000000000,AAPL,XNAS,1,-1,0.9975704550743103,100,50.0,1
1749219114000000000,AAPL,XNAS,2,1,0.9961026310920715,100,125.0,1
1749219114000000000,AAPL,XNAS,2,-1,0.9978742003440857,100,1.0,1
1749219120000000000,AAPL,XNAS,1,1,0.9967606663703918,100,1.0,1
1749219120000000000,AAPL,XNAS,1,-1,0.9975704550743103,100,50.0,1
1749219120000000000,AAPL,XNAS,2,1,0.9963557124137878,100,1.0,1
1749219120000000000,AAPL,XNAS,2,-1,0.9978742003440857,100,1.0,1
1749219131000000000,AAPL,XNAS,1,1,0.9967606663703918,100,1.0,1
1749219131000000000,AAPL,XNAS,1,-1,0.9975704550743103,100,150.0,1
1749219131000000000,AAPL,XNAS,2,1,0.9963557124137878,100,1.0,1
1749219131000000000,AAPL,XNAS,2,-1,0.9978742003440857,100,1.0,1
1749219132000000000,AAPL,XNAS,1,1,0.9967606663703918,100,1.0,1
1749219132000000000,AAPL,XNAS,1,-1,0.9975704550743103,100,250.0,2
1749219132000000000,AAPL,XNAS,2,1,0.9961026310920715,100,125.0,1
1749219132000000000,AAPL,XNAS,2,-1,0.9978742003440857,100,1.0,1
1749219136000000000,AAPL,XNAS,1,1,0.9967606663703918,100,1.0,1
1749219136000000000,AAPL,XNAS,1,-1,0.9975704550743103,100,251.0,2
1749219136000000000,AAPL,XNAS,2,1,0.9961026310920715,100,125.0,1
1749219136000000000,AAPL,XNAS,2,-1,0.9978742003440857,100,1.0,1
1749219139000000000,AAPL,XNAS,1,1,0.9967606663703918,100,1.0,1
1749219139000000000,AAPL,XNAS,1,-1,0.9975704550743103,100,251.0,2
1749219139000000000,AAPL,XNAS,2,1,0.9962038993835449,100,80.0,1
1749219139000000000,AAPL,XNAS,2,-1,0.9978742003440857,100,1.0,1
1749219144000000000,AAPL,XNAS,1,1,0.9964569807052612,100,1.0,1
1749219144000000000,AAPL,XNAS,1,-1,0.9975704550743103,100,266.0,2
1749219144000000000,AAPL,XNAS,2,1,0.9961532354354858,100,25.0,1
1749219144000000000,AAPL,XNAS,2,-1,0.9978742003440857,100,1.0,1
1749219145000000000,AAPL,XNAS,1,1,0.9962038993835449,100,50.0,1
1749219145000000000,AAPL,XNAS,1,-1,0.9975704550743103,100,266.0,2
1749219145000000000,AAPL,XNAS,2,1,0.9961532354354858,100,57.0,1
1749219145000000000,AAPL,XNAS,2,-1,0.9978742003440857,100,1.0,1
1749219146000000000,AAPL,XNAS,1,1,0.9962038993835449,100,50.0,1
1749219146000000000,AAPL,XNAS,1,-1,0.9975704550743103,100,266.0,2
1749219146000000000,AAPL,XNAS,2,1,0.9961532354354858,100,12.0,1
1749219146000000000,AAPL,XNAS,2,-1,0.9978742003440857,100,1.0,1
1749219152000000000,AAPL,XNAS,1,1,0.9962038993835449,100,50.0,1
1749219152000000000,AAPL,XNAS,1,-1,0.9975704550743103,100,266.0,2
1749219152000000000,AAPL,XNAS,2,1,0.9961532354354858,100,13.0,1
1749219152000000000,AAPL,XNAS,2,-1,0.9978742003440857,100,1.0,1
1749219155000000000,AAPL,XNAS,1,1,0.9964569807052612,100,100.0,1
1749219155000000000,AAPL,XNAS,1,-1,0.9975704550743103,100,266.0,2
1749219155000000000,AAPL,XNAS,2,1,0.9961532354354858,100,13.0,1
1749219155000000000,AAPL,XNAS,2,-1,0.9978742003440857,100,1.0,1
1749219156000000000,AAPL,XNAS,1,1,0.9964569807052612,100,101.0,1
1749219156000000000,AAPL,XNAS,1,-1,0.9975704550743103,100,266.0,2
1749219156000000000,AAPL,XNAS,2,1,0.9961532354354858,100,13.0,1
1749219156000000000,AAPL,XNAS,2,-1,0.9978742003440857,100,1.0,1
1749219173000000000,AAPL,XNAS,1,1,0.9964569807052612,100,1.0,1
1749219173000000000,AAPL,XNAS,1,-1,0.9975704550743103,100,261.0,2
1749219173000000000,AAPL,XNAS,2,1,0.9961532354354858,100,13.0,1
1749219173000000000,AAPL,XNAS,2,-1,0.9978742003440857,100,1.0,1
1749219186000000000,AAPL,XNAS,1,1,0.9964569807052612,100,1.0,1
1749219186000000000,AAPL,XNAS,1,-1,0.9975704550743103,100,261.0,2
1749219186000000000,AAPL,XNAS,2,1,0.9962545037269592,100,1.0,1
1749219186000000000,AAPL,XNAS,2,-1,0.9978742003440857,100,1.0,1
1749219191000000000,AAPL,XNAS,1,1,0.9964569807052612,100,101.0,1
1749219191000000000,AAPL,XNAS,1,-1,0.9975704550743103,100,261.0,2
1749219191000000000,AAPL,XNAS,2,1,0.9962545037269592,100,1.0,1
1749219191000000000,AAPL,XNAS,2,-1,0.9978742003440857,100,1.0,1
1749219192000000000,AAPL,XNAS,1,1,0.9964569807052612,100,100.0,1
1749219192000000000,AAPL,XNAS,1,-1,0.9975704550743103,100,261.0,2
1749219192000000000,AAPL,XNAS,2,1,0.9962545037269592,100,1.0,1
1749219192000000000,AAPL,XNAS,2,-1,0.9978742003440857,100,1.0,1
1749219195000000000,AAPL,XNAS,1,1,0.9964569807052612,100,123.0,1
1749219195000000000,AAPL,XNAS,1,-1,0.9975704550743103,100,261.0,2
1749219195000000000,AAPL,XNAS,2,1,0.9962545037269592,100,1.0,1
1749219195000000000,AAPL,XNAS,2,-1,0.9978742003440857,100,1.0,1
1749219198000000000,AAPL,XNAS,1,1,0.9964569807052612,100,100.0,1
1749219198000000000,AAPL,XNAS,1,-1,0.9975704550743103,100,261.0,2
1749219198000000000,AAPL,XNAS,2,1,0.9962545037269592,100,1.0,1
1749219198000000000,AAPL,XNAS,2,-1,0.9978742003440857,100,1.0,1
1749219205000000000,AAPL,XNAS,1,1,0.9964569807052612,100,100.0,1
1749219205000000000,AAPL,XNAS,1,-1,0.9975704550743103,100,262.0,2
1749219205000000000,AAPL,XNAS,2,1,0.9962545037269592,100,41.0,1
1749219205000000000,AAPL,XNAS,2,-1,0.9978742003440857,100,1.0,1
1749219206000000000,AAPL,XNAS,1,1,0.9964569807052612,100,100.0,1
1749219206000000000,AAPL,XNAS,1,-1,0.9975704550743103,100,262.0,2
1749219206000000000,AAPL,XNAS,2,1,0.9962545037269592,100,1.0,1
1749219206000000000,AAPL,XNAS,2,-1,0.9978742003440857,100,1.0,1
1749219209000000000,AAPL,XNAS,1,1,0.9961026310920715,100,25.0,1
1749219209000000000,AAPL,XNAS,1,-1,0.9973174333572388,100,102.0,1
1749219209000000000,AAPL,XNAS,2,1,0.9957989454269409,100,1.0,1
1749219209000000000,AAPL,XNAS,2,-1,0.997519850730896,100,5.0,1
1749219211000000000,AAPL,XNAS,1,1,0.9961026310920715,100,25.0,1
1749219211000000000,AAPL,XNAS,1,-1,0.9973174333572388,100,2.0,1
1749219211000000000,AAPL,XNAS,2,1,0.9957989454269409,100,1.0,1
1749219211000000000,AAPL,XNAS,2,-1,0.997519850730896,100,5.0,1
1749219212000000000,AAPL,XNAS,1,1,0.9961026310920715,100,25.0,1
1749219212000000000,AAPL,XNAS,1,-1,0.9973174333572388,100,48.0,1
1749219212000000000,AAPL,XNAS,2,1,0.9957989454269409,100,1.0,1
1749219212000000000,AAPL,XNAS,2,-1,0.997519850730896,100,5.0,1
1749219218000000000,AAPL,XNAS,1,1,0.9961026310920715,100,225.0,1
1749219218000000000,AAPL,XNAS,1,-1,0.9973174333572388,100,2.0,1
1749219218000000000,AAPL,XNAS,2,1,0.9957989454269409,100,1.0,1
1749219218000000000,AAPL,XNAS,2,-1,0.9974692463874817,100,5.0,1
1749219219000000000,AAPL,XNAS,1,1,0.9961532354354858,100,50.0,1
1749219219000000000,AAPL,XNAS,1,-1,0.9973174333572388,100,2.0,1
1749219219000000000,AAPL,XNAS,2,1,0.9961026310920715,100,226.0,1
1749219219000000000,AAPL,XNAS,2,-1,0.9974692463874817,100,5.0,1
1749219220000000000,AAPL,XNAS,1,1,0.9961532354354858,100,51.0,1
1749219220000000000,AAPL,XNAS,1,-1,0.9973680377006531,100,2.0,1
1749219220000000000,AAPL,XNAS,2,1,0.9961026310920715,100,225.0,1
1749219220000000000,AAPL,XNAS,2,-1,0.9974692463874817,100,5.0,1
1749219221000000000,AAPL,XNAS,1,1,0.9961532354354858,100,51.0,1
1749219221000000000,AAPL,XNAS,1,-1,0.9973680377006531,100,2.0,1
1749219221000000000,AAPL,XNAS,2,1,0.9961026310920715,100,225.0,1
1749219221000000000,AAPL,XNAS,2,-1,0.9974692463874817,100,51.0,1
1749219222000000000,AAPL,XNAS,1,1,0.9961532354354858,100,151.0,1
1749219222000000000,AAPL,XNAS,1,-1,0.9973680377006531,100,2.0,1
1749219222000000000,AAPL,XNAS,2,1,0.9961026310920715,100,25.0,1
1749219222000000000,AAPL,XNAS,2,-1,0.9974692463874817,100,51.0,1
1749219225000000000,AAPL,XNAS,1,1,0.9961532354354858,100,151.0,1
1749219225000000000,AAPL,XNAS,1,-1,0.9973680377006531,100,153.0,1
1749219225000000000,AAPL,XNAS,2,1,0.9961026310920715,100,25.0,1
1749219225000000000,AAPL,XNAS,2,-1,0.9975704550743103,100,3.0,1
1749219226000000000,AAPL,XNAS,1,1,0.9961532354354858,100,150.0,1
1749219226000000000,AAPL,XNAS,1,-1,0.9973680377006531,100,153.0,1
1749219226000000000,AAPL,XNAS,2,1,0.9961026310920715,100,25.0,1
1749219226000000000,AAPL,XNAS,2,-1,0.9975704550743103,100,3.0,1
1749219228000000000,AAPL,XNAS,1,1,0.9961532354354858,100,100.0,1
1749219228000000000,AAPL,XNAS,1,-1,0.9973680377006531,100,153.0,1
1749219228000000000,AAPL,XNAS,2,1,0.9961026310920715,100,25.0,1
1749219228000000000,AAPL,XNAS,2,-1,0.9975704550743103,100,103.0,1
1749219232000000000,AAPL,XNAS,1,1,0.9961532354354858,100,100.0,1
1749219232000000000,AAPL,XNAS,1,-1,0.9973680377006531,100,153.0,1
1749219232000000000,AAPL,XNAS,2,1,0.9957989454269409,100,1.0,1
1749219232000000000,AAPL,XNAS,2,-1,0.9975704550743103,100,103.0,1
1749219233000000000,AAPL,XNAS,1,1,0.9961532354354858,100,100.0,1
1749219233000000000,AAPL,XNAS,1,-1,0.9973174333572388,100,105.0,1
1749219233000000000,AAPL,XNAS,2,1,0.9957989454269409,100,1.0,1
1749219233000000000,AAPL,XNAS,2,-1,0.9973680377006531,100,102.0,1
1749219235000000000,AAPL,XNAS,1,1,0.9961532354354858,100,100.0,1
1749219235000000000,AAPL,XNAS,1,-1,0.9973174333572388,100,105.0,1
1749219235000000000,AAPL,XNAS,2,1,0.9957989454269409,100,1.0,1
1749219235000000000,AAPL,XNAS,2,-1,0.9973680377006531,100,100.0,1
1749219236000000000,AAPL,XNAS,1,1,0.9961532354354858,100,100.0,1
1749219236000000000,AAPL,XNAS,1,-1,0.9973174333572388,100,151.0,1
1749219236000000000,AAPL,XNAS,2,1,0.9957989454269409,100,1.0,1
1749219236000000000,AAPL,XNAS,2,-1,0.9973680377006531,100,100.0,1
1749219238000000000,AAPL,XNAS,1,1,0.9961532354354858,100,100.0,1
1749219238000000000,AAPL,XNAS,1,-1,0.9973174333572388,100,351.0,2
1749219238000000000,AAPL,XNAS,2,1,0.9957989454269409,100,1.0,1
1749219238000000000,AAPL,XNAS,2,-1,0.9973680377006531,100,100.0,1
1749219240000000000,AAPL,XNAS,1,1,0.9961532354354858,100,114.0,1
1749219240000000000,AAPL,XNAS,1,-1,0.9973174333572388,100,378.0,3
1749219240000000000,AAPL,XNAS,2,1,0.9957989454269409,100,1.0,1
1749219240000000000,AAPL,XNAS,2,-1,0.9973680377006531,100,100.0,1
1749219244000000000,AAPL,XNAS,1,1,0.9961532354354858,100,114.0,1
1749219244000000000,AAPL,XNAS,1,-1,0.9973174333572388,100,378.0,3
1749219244000000000,AAPL,XNAS,2,1,0.9960520267486572,100,2.0,1
1749219244000000000,AAPL,XNAS,2,-1,0.9973680377006531,100,100.0,1
1749219251000000000,AAPL,XNAS,1,1,0.9961532354354858,100,114.0,1
1749219251000000000,AAPL,XNAS,1,-1,0.9973174333572388,100,379.0,3
1749219251000000000,AAPL,XNAS,2,1,0.9960520267486572,100,2.0,1
1749219251000000000,AAPL,XNAS,2,-1,0.9973680377006531,100,100.0,1
1749219260000000000,AAPL,XNAS,1,1,0.9961532354354858,100,114.0,1
1749219260000000000,AAPL,XNAS,1,-1,0.9973174333572388,100,379.0,3
1749219260000000000,AAPL,XNAS,2,1,0.9961026310920715,100,27.0,1
1749219260000000000,AAPL,XNAS,2,-1,0.9973680377006531,100,100.0,1
1749219261000000000,AAPL,XNAS,1,1,0.9961532354354858,100,136.0,1
1749219261000000000,AAPL,XNAS,1,-1,0.9973174333572388,100,152.0,1
1749219261000000000,AAPL,XNAS,2,1,0.9961026310920715,100,27.0,1
1749219261000000000,AAPL,XNAS,2,-1,0.9973680377006531,100,100.0,1
1749219262000000000,AAPL,XNAS,1,1,0.9965581893920898,100,20.0,1
1749219262000000000,AAPL,XNAS,1,-1,0.9973174333572388,100,152.0,1
1749219262000000000,AAPL,XNAS,2,1,0.9961532354354858,100,223.0,1
1749219262000000000,AAPL,XNAS,2,-1,0.9973680377006531,100,100.0,1
1749219263000000000,AAPL,XNAS,1,1,0.9965581893920898,100,20.0,1
1749219263000000000,AAPL,XNAS,1,-1,0.9973174333572388,100,1.0,1
1749219263000000000,AAPL,XNAS,2,1,0.9961532354354858,100,200.0,1
1749219263000000000,AAPL,XNAS,2,-1,0.9973680377006531,100,151.0,1
1749219264000000000,AAPL,XNAS,1,1,0.9965581893920898,100,21.0,1
1749219264000000000,AAPL,XNAS,1,-1,0.9973174333572388,100,1.0,1
1749219264000000000,AAPL,XNAS,2,1,0.9961532354354858,100,200.0,1
1749219264000000000,AAPL,XNAS,2,-1,0.9973680377006531,100,151.0,1
1749219272000000000,AAPL,XNAS,1,1,0.9966087937355042,100,6.0,1
1749219272000000000,AAPL,XNAS,1,-1,0.9973174333572388,100,1.0,1
1749219272000000000,AAPL,XNAS,2,1,0.9965581893920898,100,15.0,1
1749219272000000000,AAPL,XNAS,2,-1,0.9973680377006531,100,151.0,1
1749219273000000000,AAPL,XNAS,1,1,0.9966087937355042,100,21.0,1
1749219273000000000,AAPL,XNAS,1,-1,0.9973174333572388,100,1.0,1
1749219273000000000,AAPL,XNAS,2,1,0.9961532354354858,100,200.0,1
1749219273000000000,AAPL,XNAS,2,-1,0.9973680377006531,100,151.0,1
1749219274000000000,AAPL,XNAS,1,1,0.9966087937355042,100,21.0,1
1749219274000000000,AAPL,XNAS,1,-1,0.9973174333572388,100,1.0,1
1749219274000000000,AAPL,XNAS,2,1,0.9961532354354858,100,200.0,1
1749219274000000000,AAPL,XNAS,2,-1,0.9973680377006531,100,151.0,1
1749219275000000000,AAPL,XNAS,1,1,0.9966087937355042,100,21.0,1
1749219275000000000,AAPL,XNAS,1,-1,0.9973174333572388,100,1.0,1
1749219275000000000,AAPL,XNAS,2,1,0.9961532354354858,100,200.0,1
1749219275000000000,AAPL,XNAS,2,-1,0.9973680377006531,100,151.0,1
1749219280000000000,AAPL,XNAS,1,1,0.9966087937355042,100,21.0,1
1749219280000000000,AAPL,XNAS,1,-1,0.9973174333572388,100,1.0,1
1749219280000000000,AAPL,XNAS,2,1,0.9961532354354858,100,200.0,1
1749219280000000000,AAPL,XNAS,2,-1,0.9973680377006531,100,152.0,1
1749219284000000000,AAPL,XNAS,1,1,0.9966087937355042,100,21.0,1
1749219284000000000,AAPL,XNAS,1,-1,0.9973174333572388,100,1.0,1
1749219284000000000,AAPL,XNAS,2,1,0.9961532354354858,100,200.0,1
1749219284000000000,AAPL,XNAS,2,-1,0.9973680377006531,100,152.0,1
1749219292000000000,AAPL,XNAS,1,1,0.9966087937355042,100,21.0,1
1749219292000000000,AAPL,XNAS,1,-1,0.9973174333572388,100,3.0,1
1749219292000000000,AAPL,XNAS,2,1,0.9961532354354858,100,200.0,1
1749219292000000000,AAPL,XNAS,2,-1,0.9973680377006531,100,152.0,1
1749219295000000000,AAPL,XNAS,1,1,0.9966087937355042,100,21.0,1
1749219295000000000,AAPL,XNAS,1,-1,0.9973174333572388,100,3.0,1
1749219295000000000,AAPL,XNAS,2,1,0.9961532354354858,100,300.0,2
1749219295000000000,AAPL,XNAS,2,-1,0.9973680377006531,100,152.0,1
1749219296000000000,AAPL,XNAS,1,1,0.9966087937355042,100,21.0,1
1749219296000000000,AAPL,XNAS,1,-1,0.9973174333572388,100,1.0,1
1749219296000000000,AAPL,XNAS,2,1,0.9961532354354858,100,300.0,2
1749219296000000000,AAPL,XNAS,2,-1,0.9973680377006531,100,152.0,1
1749219300000000000,AAPL,XNAS,1,1,0.9968618750572205,100,14.0,1
1749219300000000000,AAPL,XNAS,1,-1,0.9973174333572388,100,1.0,1
1749219300000000000,AAPL,XNAS,2,1,0.9966087937355042,100,7.0,1
1749219300000000000,AAPL,XNAS,2,-1,0.9973680377006531,100,152.0,1
1749219301000000000,AAPL,XNAS,1,1,0.9968618750572205,100,15.0,1
1749219301000000000,AAPL,XNAS,1,-1,0.9973174333572388,100,1.0,1
1749219301000000000,AAPL,XNAS,2,1,0.9965581893920898,100,6.0,1
1749219301000000000,AAPL,XNAS,2,-1,0.9973680377006531,100,152.0,1
1749219302000000000,AAPL,XNAS,1,1,0.9969124794006348,100,14.0,1
1749219302000000000,AAPL,XNAS,1,-1,0.9973174333572388,100,1.0,1
1749219302000000000,AAPL,XNAS,2,1,0.9968618750572205,100,1.0,1
1749219302000000000,AAPL,XNAS,2,-1,0.9973680377006531,100,152.0,1
1749219303000000000,AAPL,XNAS,1,1,0.9969124794006348,100,21.0,1
1749219303000000000,AAPL,XNAS,1,-1,0.9973174333572388,100,1.0,1
1749219303000000000,AAPL,XNAS,2,1,0.9964569807052612,100,100.0,1
1749219303000000000,AAPL,XNAS,2,-1,0.9973680377006531,100,152.0,1
1749219305000000000,AAPL,XNAS,1,1,0.9969124794006348,100,21.0,1
1749219305000000000,AAPL,XNAS,1,-1,0.9973174333572388,100,1.0,1
1749219305000000000,AAPL,XNAS,2,1,0.9965075850486755,100,2.0,1
1749219305000000000,AAPL,XNAS,2,-1,0.9973680377006531,100,152.0,1
1749219313000000000,AAPL,XNAS,1,1,0.9969124794006348,100,21.0,1
1749219313000000000,AAPL,XNAS,1,-1,0.9973174333572388,100,1.0,1
1749219313000000000,AAPL,XNAS,2,1,0.9965075850486755,100,2.0,1
1749219313000000000,AAPL,XNAS,2,-1,0.9973680377006531,100,152.0,1
1749219315000000000,AAPL,XNAS,1,1,0.9969124794006348,100,21.0,1
1749219315000000000,AAPL,XNAS,1,-1,0.9973174333572388,100,1.0,1
1749219315000000000,AAPL,XNAS,2,1,0.9965075850486755,100,2.0,1
1749219315000000000,AAPL,XNAS,2,-1,0.9973680377006531,100,152.0,1
1749219316000000000,AAPL,XNAS,1,1,0.9969124794006348,100,21.0,1
1749219316000000000,AAPL,XNAS,1,-1,0.9973174333572388,100,1.0,1
1749219316000000000,AAPL,XNAS,2,1,0.9965075850486755,100,2.0,1
1749219316000000000,AAPL,XNAS,2,-1,0.9973680377006531,100,152.0,1
1749219325000000000,AAPL,XNAS,1,1,0.9969124794006348,100,21.0,1
1749219325000000000,AAPL,XNAS,1,-1,0.9973174333572388,100,1.0,1
1749219325000000000,AAPL,XNAS,2,1,0.9965075850486755,100,2.0,1
1749219325000000000,AAPL,XNAS,2,-1,0.9973680377006531,100,155.0,1
1749219331000000000,AAPL,XNAS,1,1,0.9969124794006348,100,21.0,1
1749219331000000000,AAPL,XNAS,1,-1,0.9973174333572388,100,1.0,1
1749219331000000000,AAPL,XNAS,2,1,0.9965075850486755,100,2.0,1
1749219331000000000,AAPL,XNAS,2,-1,0.9973680377006531,100,155.0,1
1749219335000000000,AAPL,XNAS,1,1,0.9969124794006348,100,21.0,1
1749219335000000000,AAPL,XNAS,1,-1,0.9973174333572388,100,1.0,1
1749219335000000000,AAPL,XNAS,2,1,0.9965075850486755,100,4.0,1
1749219335000000000,AAPL,XNAS,2,-1,0.9973680377006531,100,155.0,1
1749219343000000000,AAPL,XNAS,1,1,0.9969124794006348,100,36.0,1
1749219343000000000,AAPL,XNAS,1,-1,0.9973174333572388,100,1.0,1
1749219343000000000,AAPL,XNAS,2,1,0.9965075850486755,100,4.0,1
1749219343000000000,AAPL,XNAS,2,-1,0.9973680377006531,100,155.0,1
1749219346000000000,AAPL,XNAS,1,1,0.9969124794006348,100,36.0,1
1749219346000000000,AAPL,XNAS,1,-1,0.9973680377006531,100,154.0,1
1749219346000000000,AAPL,XNAS,2,1,0.9965075850486755,100,4.0,1
1749219346000000000,AAPL,XNAS,2,-1,0.9974186420440674,100,100.0,1
1749219347000000000,AAPL,XNAS,1,1,0.9969124794006348,100,35.0,1
1749219347000000000,AAPL,XNAS,1,-1,0.9973680377006531,100,154.0,1
1749219347000000000,AAPL,XNAS,2,1,0.9965075850486755,100,4.0,1
1749219347000000000,AAPL,XNAS,2,-1,0.9974186420440674,100,100.0,1
1749219348000000000,AAPL,XNAS,1,1,0.9971149563789368,100,84.0,1
1749219348000000000,AAPL,XNAS,1,-1,0.9980766177177429,100,100.0,1
1749219348000000000,AAPL,XNAS,2,1,0.9965075850486755,100,4.0,1
1749219348000000000,AAPL,XNAS,2,-1,0.9981778860092163,100,47.0,1
1749219349000000000,AAPL,XNAS,1,1,0.9971149563789368,100,85.0,1
1749219349000000000,AAPL,XNAS,1,-1,0.9980766177177429,100,132.0,1
1749219349000000000,AAPL,XNAS,2,1,0.9970643520355225,100,100.0,1
1749219349000000000,AAPL,XNAS,2,-1,0.9981778860092163,100,1.0,1
1749219350000000000,AAPL,XNAS,1,1,0.9971149563789368,100,84.0,1
1749219350000000000,AAPL,XNAS,1,-1,0.9980766177177429,100,132.0,1
1749219350000000000,AAPL,XNAS,2,1,0.9970643520355225,100,100.0,1
