ts_ns,symbol,venue,price,price_ticks,size,aggressor_side
1748872821000000000,AAPL,XNAS,1.0023013353347778,100,326.0,BUY
1748872846000000000,AAPL,XNAS,1.0027780532836914,100,128.0,SELL
1748872850000000000,AAPL,XNAS,1.0028184652328491,100,55.0,BUY
1748872857000000000,AAPL,XNAS,1.0031553506851196,100,121.0,BUY
1748872868000000000,AAPL,XNAS,1.003645896911621,100,4.0,BUY
1748872878000000000,AAPL,XNAS,1.0037624835968018,100,134.0,BUY
1748872922000000000,AAPL,XNAS,1.004206657409668,100,102.0,SELL
1748872927000000000,AAPL,XNAS,1.0045768022537231,100,1.0,BUY
1748872944000000000,AAPL,XNAS,1.0043699741363525,100,6.0,BUY
1748872947000000000,AAPL,XNAS,1.003963589668274,100,233.0,BUY
1748872977000000000,AAPL,XNAS,1.0038528442382812,100,1.0,UNKNOWN
1748872983000000000,AAPL,XNAS,1.0039561986923218,100,2.0,BUY
1748872987000000000,AAPL,XNAS,1.0042665004730225,100,165.0,BUY
1748873007000000000,AAPL,XNAS,1.0035425424575806,100,72.0,SELL
1748873018000000000,AAPL,XNAS,1.0041552782058716,100,33.0,SELL
1748873054000000000,AAPL,XNAS,1.0039045810699463,100,100.0,BUY
1748873063000000000,AAPL,XNAS,1.0039045810699463,100,1.0,BUY
1748873065000000000,AAPL,XNAS,1.004111409187317,100,2.0,BUY
1748873078000000000,AAPL,XNAS,1.0043699741363525,100,106.0,BUY
1748873131000000000,AAPL,XNAS,1.0046802759170532,100,3.0,BUY
1748873166000000000,AAPL,XNAS,1.004214882850647,100,6.0,SELL
1748873180000000000,AAPL,XNAS,1.0041157007217407,100,432.0,SELL
1748873189000000000,AAPL,XNAS,1.0044217109680176,100,1.0,SELL
1748873198000000000,AAPL,XNAS,1.004214882850647,100,100.0,BUY
1748873230000000000,AAPL,XNAS,1.0038528442382812,100,2.0,BUY
1748873235000000000,AAPL,XNAS,1.0039045810699463,100,1.0,BUY
1748873264000000000,AAPL,XNAS,1.0037493705749512,100,2.0,SELL
1748873270000000000,AAPL,XNAS,1.003464937210083,100,200.0,BUY
1748873271000000000,AAPL,XNAS,1.003645896911621,100,101.0,BUY
1748873288000000000,AAPL,XNAS,1.0039045810699463,100,2.0,BUY
1748873314000000000,AAPL,XNAS,1.0040115118026733,100,29.0,BUY
1748873323000000000,AAPL,XNAS,1.0040079355239868,100,1.0,BUY
1748873340000000000,AAPL,XNAS,1.0035425424575806,100,4.0,SELL
1748873349000000000,AAPL,XNAS,1.0031287670135498,100,2.0,BUY
1748873350000000000,AAPL,XNAS,1.0027985572814941,100,13.0,SELL
1748873351000000000,AAPL,XNAS,1.0025606155395508,100,154.0,SELL
1748873362000000000,AAPL,XNAS,1.0027151107788086,100,1.0,BUY
1748873372000000000,AAPL,XNAS,1.003191351890564,100,499.0,SELL
1748873381000000000,AAPL,XNAS,1.003477931022644,100,8.0,BUY
1748873385000000000,AAPL,XNAS,1.003645896911621,100,26.0,BUY
1748873400000000000,AAPL,XNAS,0.9998243451118469,100,2.0,SELL
1748873418000000000,AAPL,XNAS,0.9999247193336487,100,1.0,BUY
1748873428000000000,AAPL,XNAS,0.9999247193336487,100,1.0,BUY
1748873464000000000,AAPL,XNAS,0.9997239708900452,100,1.0,SELL
1748873475000000000,AAPL,XNAS,1.0000251531600952,100,110.0,SELL
1748873531000000000,AAPL,XNAS,0.9999247193336487,100,1.0,SELL
1748873564000000000,AAPL,XNAS,0.9999904632568359,100,29.0,SELL
1748873584000000000,AAPL,XNAS,0.9998745322227478,100,20.0,SELL
1748873602000000000,AAPL,XNAS,0.9999749064445496,100,2.0,BUY
1748873646000000000,AAPL,XNAS,0.9997239708900452,100,3.0,SELL
1748873652000000000,AAPL,XNAS,1.000125527381897,100,210.0,BUY
1748873658000000000,AAPL,XNAS,1.000125527381897,100,2.0,SELL
1748873683000000000,AAPL,XNAS,1.0003764629364014,100,5.0,BUY
1748873691000000000,AAPL,XNAS,1.0003764629364014,100,2.0,BUY
1748873705000000000,AAPL,XNAS,1.000209093093872,100,6.0,SELL
1748873741000000000,AAPL,XNAS,1.000127911567688,100,21.0,SELL
1748873762000000000,AAPL,XNAS,1.0002259016036987,100,19.0,SELL
1748873772000000000,AAPL,XNAS,1.0001757144927979,100,1.0,BUY
1748873783000000000,AAPL,XNAS,1.000372290611267,100,24.0,BUY
1748873809000000000,AAPL,XNAS,1.0002760887145996,100,1.0,SELL
1748873851000000000,AAPL,XNAS,1.0002259016036987,100,1.0,SELL
1748873878000000000,AAPL,XNAS,1.0002760887145996,100,1.0,SELL
1748873882000000000,AAPL,XNAS,1.00007164478302,100,280.0,SELL
1748873923000000000,AAPL,XNAS,1.0003262758255005,100,3.0,SELL
1748873935000000000,AAPL,XNAS,1.0003764629364014,100,200.0,SELL
1748873936000000000,AAPL,XNAS,1.000527024269104,100,100.0,SELL
1748873938000000000,AAPL,XNAS,1.0007965564727783,100,35.0,BUY
1748873946000000000,AAPL,XNAS,1.0008281469345093,100,1.0,BUY
1748873947000000000,AAPL,XNAS,1.0008281469345093,100,1.0,BUY
1748873967000000000,AAPL,XNAS,1.0006273984909058,100,206.0,BUY
1748874058000000000,AAPL,XNAS,1.0002154111862183,100,2.0,BUY
1748874069000000000,AAPL,XNAS,0.9996410012245178,100,127.0,SELL
1748874102000000000,AAPL,XNAS,1.0004547834396362,100,6.0,BUY
1748874118000000000,AAPL,XNAS,1.000119686126709,100,2.0,UNKNOWN
1748874121000000000,AAPL,XNAS,1.0004547834396362,100,14.0,SELL
1748874160000000000,AAPL,XNAS,1.000119686126709,100,290.0,SELL
1748874161000000000,AAPL,XNAS,0.9999281764030457,100,29.0,SELL
1748874200000000000,AAPL,XNAS,0.9996410012245178,100,101.0,SELL
1748874228000000000,AAPL,XNAS,0.9994905591011047,100,7.0,BUY
1748874236000000000,AAPL,XNAS,0.9992101788520813,100,101.0,BUY
1748874270000000000,AAPL,XNAS,0.9995456337928772,100,261.0,SELL
1748874280000000000,AAPL,XNAS,0.9991623163223267,100,30.0,SELL
1748874298000000000,AAPL,XNAS,1.0000239610671997,100,2.0,BUY
1748874358000000000,AAPL,XNAS,0.9999281764030457,100,1.0,BUY
1748874359000000000,AAPL,XNAS,0.9994964599609375,100,101.0,BUY
1748874417000000000,AAPL,XNAS,0.9994973540306091,100,2.0,BUY
1748874467000000000,AAPL,XNAS,0.9990407824516296,100,13.0,BUY
1748874473000000000,AAPL,XNAS,0.9985768795013428,100,391.0,BUY
1748874480000000000,AAPL,XNAS,0.9982049465179443,100,10.0,SELL
1748874486000000000,AAPL,XNAS,0.9983006715774536,100,5.0,SELL
1748874497000000000,AAPL,XNAS,0.998252809047699,100,5.0,SELL
1748874526000000000,AAPL,XNAS,0.9981821775436401,100,204.0,BUY
1748874538000000000,AAPL,XNAS,0.9975417852401733,100,246.0,SELL
1748874594000000000,AAPL,XNAS,0.9973911643028259,100,11.0,BUY
1748874598000000000,AAPL,XNAS,0.9976783990859985,100,200.0,SELL
1748874603000000000,AAPL,XNAS,1.000231385231018,100,13.0,BUY
1748874653000000000,AAPL,XNAS,1.000231385231018,100,16.0,BUY
1748874701000000000,AAPL,XNAS,0.9997450709342957,100,202.0,BUY
1748874717000000000,AAPL,XNAS,0.9992597103118896,100,100.0,BUY
1748874761000000000,AAPL,XNAS,0.9983806610107422,100,70.0,SELL
1748874868000000000,AAPL,XNAS,0.9984269738197327,100,5.0,BUY
1748874910000000000,AAPL,XNAS,0.9987163543701172,100,255.0,BUY
1748874972000000000,AAPL,XNAS,0.99880051612854,100,433.0,SELL
1748874985000000000,AAPL,XNAS,0.9993458390235901,100,65.0,SELL
1748874986000000000,AAPL,XNAS,0.9995373487472534,100,48.0,BUY
1748874988000000000,AAPL,XNAS,0.9992414116859436,100,116.0,SELL
1748874990000000000,AAPL,XNAS,0.9990653991699219,100,125.0,BUY
1748875068000000000,AAPL,XNAS,0.9983344078063965,100,5.0,SELL
1748875146000000000,AAPL,XNAS,0.9980105757713318,100,59.0,SELL
1748875176000000000,AAPL,XNAS,0.997972309589386,100,450.0,BUY
1748875216000000000,AAPL,XNAS,1.000023365020752,100,1.0,BUY
1748875261000000000,AAPL,XNAS,0.9997902512550354,100,202.0,BUY
1748875267000000000,AAPL,XNAS,0.9992309212684631,100,1.0,SELL
1748875275000000000,AAPL,XNAS,0.9995284676551819,100,13.0,BUY
1748875326000000000,AAPL,XNAS,0.9995105862617493,100,1.0,UNKNOWN
1748875338000000000,AAPL,XNAS,0.9995105862617493,100,3.0,UNKNOWN
1748875356000000000,AAPL,XNAS,0.9997051954269409,100,108.0,BUY
1748875384000000000,AAPL,XNAS,0.9998368620872498,100,4.0,BUY
1748875400000000000,AAPL,XNAS,0.9998834729194641,100,6.0,SELL
1748875447000000000,AAPL,XNAS,0.9998368620872498,100,1.0,BUY
1748875485000000000,AAPL,XNAS,0.9996423721313477,100,232.0,BUY
1748875516000000000,AAPL,XNAS,0.999603807926178,100,3.0,UNKNOWN
1748875553000000000,AAPL,XNAS,0.9995105862617493,100,302.0,BUY
1748875587000000000,AAPL,XNAS,0.9996024370193481,100,316.0,BUY
1748875589000000000,AAPL,XNAS,0.999603807926178,100,95.0,BUY
1748875598000000000,AAPL,XNAS,0.9994274377822876,100,341.0,BUY
1748875631000000000,AAPL,XNAS,0.9995157718658447,100,117.0,BUY
1748875632000000000,AAPL,XNAS,0.9996504187583923,100,2.0,SELL
1748875696000000000,AAPL,XNAS,0.9995571970939636,100,3.0,BUY
1748875714000000000,AAPL,XNAS,0.9994639754295349,100,5.0,BUY
1748875755000000000,AAPL,XNAS,0.9994173645973206,100,1.0,BUY
1748875784000000000,AAPL,XNAS,0.9997491240501404,100,34.0,SELL
1748875811000000000,AAPL,XNAS,0.9991883039474487,100,1.0,SELL
1748875821000000000,AAPL,XNAS,0.9989957809448242,100,111.0,SELL
1748875882000000000,AAPL,XNAS,0.9982096552848816,100,438.0,SELL
1748875896000000000,AAPL,XNAS,0.999450147151947,100,27.0,BUY
1748875897000000000,AAPL,XNAS,0.9996856451034546,100,201.0,SELL
1748875913000000000,AAPL,XNAS,0.9993454217910767,100,10.0,SELL
1748875915000000000,AAPL,XNAS,0.9993454217910767,100,35.0,SELL
1748875951000000000,AAPL,XNAS,0.9998167157173157,100,2.0,SELL
1748875953000000000,AAPL,XNAS,0.9993324875831604,100,401.0,SELL
1748875974000000000,AAPL,XNAS,0.9983576536178589,100,152.0,SELL
1748876022000000000,AAPL,XNAS,0.999450147151947,100,202.0,BUY
1748876046000000000,AAPL,XNAS,0.9984386563301086,100,264.0,BUY
1748876102000000000,AAPL,XNAS,0.9977743625640869,100,40.0,SELL
1748876103000000000,AAPL,XNAS,0.9977743625640869,100,100.0,SELL
1748876138000000000,AAPL,XNAS,0.9974648952484131,100,363.0,BUY
1748876176000000000,AAPL,XNAS,0.9979329705238342,100,104.0,BUY
1748876205000000000,AAPL,XNAS,0.997617244720459,100,20.0,SELL
1748876208000000000,AAPL,XNAS,0.9972653388977051,100,139.0,BUY
1748876209000000000,AAPL,XNAS,0.9965174794197083,100,1.0,SELL
1748876210000000000,AAPL,XNAS,0.9963604211807251,100,38.0,SELL
1748876251000000000,AAPL,XNAS,0.9977743625640869,100,1.0,SELL
1748876254000000000,AAPL,XNAS,0.9968317151069641,100,100.0,SELL
1748876272000000000,AAPL,XNAS,0.9967793226242065,100,100.0,SELL
1748876282000000000,AAPL,XNAS,0.9966093301773071,100,308.0,SELL
1748876310000000000,AAPL,XNAS,0.9977424144744873,100,236.0,BUY
1748876376000000000,AAPL,XNAS,0.9975125193595886,100,1.0,BUY
1748876404000000000,AAPL,XNAS,0.9948812127113342,99,21.0,SELL
1748876408000000000,AAPL,XNAS,0.9948302507400513,99,10.0,SELL
1748876410000000000,AAPL,XNAS,0.9944227933883667,99,1.0,SELL
1748876411000000000,AAPL,XNAS,0.9941681027412415,99,2.0,BUY
1748876431000000000,AAPL,XNAS,0.9939184188842773,99,31.0,SELL
1748876439000000000,AAPL,XNAS,0.9938390254974365,99,13.0,SELL
1748876448000000000,AAPL,XNAS,0.9936587810516357,99,110.0,BUY
1748876463000000000,AAPL,XNAS,0.9946250319480896,99,103.0,SELL
1748876464000000000,AAPL,XNAS,0.9956791400909424,100,3.0,BUY
1748876491000000000,AAPL,XNAS,0.9960430860519409,100,112.0,BUY
1748876492000000000,AAPL,XNAS,0.9960017204284668,100,1.0,SELL
1748876494000000000,AAPL,XNAS,0.9953243136405945,100,10.0,BUY
1748876528000000000,AAPL,XNAS,0.9949321150779724,99,100.0,SELL
1748876551000000000,AAPL,XNAS,0.9942033886909485,99,52.0,SELL
1748876555000000000,AAPL,XNAS,0.9940153360366821,99,10.0,SELL
1748876568000000000,AAPL,XNAS,0.9947283864021301,99,20.0,BUY
1748876575000000000,AAPL,XNAS,0.9946774840354919,99,1.0,BUY
1748876600000000000,AAPL,XNAS,0.9956179261207581,100,114.0,BUY
1748876603000000000,AAPL,XNAS,0.9949830770492554,99,1.0,BUY
1748876611000000000,AAPL,XNAS,0.9958512187004089,100,22.0,BUY
1748876612000000000,AAPL,XNAS,0.9964227676391602,100,105.0,SELL
1748876613000000000,AAPL,XNAS,0.9971767663955688,100,71.0,BUY
1748876615000000000,AAPL,XNAS,0.997682511806488,100,1.0,BUY
1748876623000000000,AAPL,XNAS,0.9968675971031189,100,108.0,SELL
1748876633000000000,AAPL,XNAS,0.9968166947364807,100,3.0,BUY
1748876652000000000,AAPL,XNAS,0.9955942630767822,100,4.0,SELL
1748876669000000000,AAPL,XNAS,0.995543360710144,100,24.0,BUY
1748876670000000000,AAPL,XNAS,0.994815468788147,99,141.0,SELL
1748876671000000000,AAPL,XNAS,0.9951868057250977,100,1.0,SELL
1748876674000000000,AAPL,XNAS,0.9951868057250977,100,100.0,BUY
1748876687000000000,AAPL,XNAS,0.9959998726844788,100,27.0,BUY
1748876711000000000,AAPL,XNAS,0.9970713257789612,100,28.0,BUY
1748876716000000000,AAPL,XNAS,0.9975636601448059,100,54.0,BUY
1748876741000000000,AAPL,XNAS,0.9982682466506958,100,2.0,BUY
1748876746000000000,AAPL,XNAS,0.9981223940849304,100,11.0,SELL
1748876760000000000,AAPL,XNAS,0.9978862404823303,100,11.0,SELL
1748876791000000000,AAPL,XNAS,0.9974787831306458,100,2.0,SELL
1748876816000000000,AAPL,XNAS,0.9978862404823303,100,1.0,BUY
1748876820000000000,AAPL,XNAS,0.997733473777771,100,1.0,SELL
1748876851000000000,AAPL,XNAS,0.9979881048202515,100,1.0,SELL
1748876854000000000,AAPL,XNAS,0.9988030791282654,100,200.0,SELL
1748876857000000000,AAPL,XNAS,0.9997198581695557,100,1.0,BUY
1748876859000000000,AAPL,XNAS,0.9993124008178711,100,1.0,SELL
1748876880000000000,AAPL,XNAS,0.9995161294937134,100,2.0,SELL
1748876888000000000,AAPL,XNAS,0.9988539814949036,100,101.0,BUY
1748876913000000000,AAPL,XNAS,0.9985483884811401,100,1.0,SELL
1748876941000000000,AAPL,XNAS,0.9987521171569824,100,1.0,SELL
1748876943000000000,AAPL,XNAS,0.9987521171569824,100,1.0,SELL
1748876958000000000,AAPL,XNAS,0.9992614388465881,100,101.0,BUY
1748876971000000000,AAPL,XNAS,0.9994107484817505,100,29.0,BUY
1748876988000000000,AAPL,XNAS,0.9981584548950195,100,308.0,BUY
1748876991000000000,AAPL,XNAS,0.9974787831306458,100,100.0,SELL
1748877005000000000,AAPL,XNAS,0.9978833794593811,100,2.0,BUY
1748877014000000000,AAPL,XNAS,0.997856616973877,100,1.0,BUY
1748877052000000000,AAPL,XNAS,0.997856616973877,100,1.0,BUY
1748877054000000000,AAPL,XNAS,0.9978030323982239,100,1.0,SELL
1748877064000000000,AAPL,XNAS,0.9978030323982239,100,1.0,SELL
1748877096000000000,AAPL,XNAS,0.997160017490387,100,204.0,SELL
1748877100000000000,AAPL,XNAS,0.9970528483390808,100,20.0,SELL
1748877123000000000,AAPL,XNAS,0.9974279403686523,100,1.0,UNKNOWN
1748877137000000000,AAPL,XNAS,0.9977494478225708,100,50.0,SELL
1748877154000000000,AAPL,XNAS,0.9984996318817139,100,39.0,BUY
1748877158000000000,AAPL,XNAS,0.9985532164573669,100,10.0,SELL
1748877186000000000,AAPL,XNAS,0.9994641542434692,100,1.0,SELL
1748877196000000000,AAPL,XNAS,0.9996249079704285,100,1.0,BUY
1748877210000000000,AAPL,XNAS,0.9998928308486938,100,181.0,SELL
1748877225000000000,AAPL,XNAS,0.9998392462730408,100,11.0,SELL
1748877237000000000,AAPL,XNAS,0.9999464154243469,100,201.0,SELL
1748877270000000000,AAPL,XNAS,1.0002679824829102,100,60.0,BUY
1748877298000000000,AAPL,XNAS,1.0004210472106934,100,21.0,SELL
1748877305000000000,AAPL,XNAS,1.0005894899368286,100,4.0,SELL
1748877340000000000,AAPL,XNAS,1.0009645223617554,100,1.0,SELL
1748877398000000000,AAPL,XNAS,1.002036213874817,100,10.0,SELL
1748877403000000000,AAPL,XNAS,1.0016613006591797,100,334.0,SELL
1748877412000000000,AAPL,XNAS,1.0017683506011963,100,1.0,BUY
1748877470000000000,AAPL,XNAS,1.0017147064208984,100,20.0,SELL
1748877483000000000,AAPL,XNAS,1.0019826889038086,100,1.0,SELL
1748877485000000000,AAPL,XNAS,1.0026257038116455,100,1.0,BUY
1748877503000000000,AAPL,XNAS,1.0030007362365723,100,1.0,SELL
1748877573000000000,AAPL,XNAS,1.0031079053878784,100,2.0,SELL
1748877600000000000,AAPL,XNAS,1.0002151727676392,100,1.0,BUY
1748877631000000000,AAPL,XNAS,0.9999282956123352,100,2.0,SELL
1748877632000000000,AAPL,XNAS,0.9999282956123352,100,2.0,SELL
1748877633000000000,AAPL,XNAS,1.0002881288528442,100,19.0,BUY
1748877636000000000,AAPL,XNAS,0.9999760985374451,100,362.0,SELL
1748877660000000000,AAPL,XNAS,1.0003107786178589,100,5.0,BUY
1748877663000000000,AAPL,XNAS,1.0004065036773682,100,2.0,BUY
1748877665000000000,AAPL,XNAS,1.0004065036773682,100,6.0,BUY
1748877682000000000,AAPL,XNAS,1.0003745555877686,100,6.0,BUY
1748877683000000000,AAPL,XNAS,1.0005977153778076,100,8.0,BUY
1748877688000000000,AAPL,XNAS,1.000684380531311,100,144.0,SELL
1748877715000000000,AAPL,XNAS,1.0012671947479248,100,90.0,BUY
1748877716000000000,AAPL,XNAS,1.001362919807434,100,1.0,BUY
1748877722000000000,AAPL,XNAS,1.001410722732544,100,1.0,SELL
1748877742000000000,AAPL,XNAS,1.0017454624176025,100,2.0,BUY
1748877751000000000,AAPL,XNAS,1.0016019344329834,100,1.0,SELL
1748877765000000000,AAPL,XNAS,1.0015063285827637,100,1.0,BUY
1748877769000000000,AAPL,XNAS,1.0016019344329834,100,1.0,BUY
1748877785000000000,AAPL,XNAS,1.0015063285827637,100,1.0,BUY
1748877789000000000,AAPL,XNAS,1.0016311407089233,100,128.0,SELL
1748877810000000000,AAPL,XNAS,1.0016019344329834,100,1.0,BUY
1748877834000000000,AAPL,XNAS,1.0013402700424194,100,212.0,BUY
1748877871000000000,AAPL,XNAS,1.001362919807434,100,3.0,BUY
1748877872000000000,AAPL,XNAS,1.001410722732544,100,20.0,SELL
1748877892000000000,AAPL,XNAS,1.001171588897705,100,90.0,SELL
1748877901000000000,AAPL,XNAS,1.0016019344329834,100,1.0,SELL
1748877927000000000,AAPL,XNAS,1.0016019344329834,100,6.0,SELL
1748877931000000000,AAPL,XNAS,1.0017932653427124,100,1.0,BUY
1748877943000000000,AAPL,XNAS,1.0018250942230225,100,3.0,SELL
1748877980000000000,AAPL,XNAS,1.0018888711929321,100,1.0,BUY
1748877991000000000,AAPL,XNAS,1.0018888711929321,100,1.0,SELL
1748877992000000000,AAPL,XNAS,1.0019381046295166,100,103.0,SELL
1748878004000000000,AAPL,XNAS,1.0019363164901733,100,211.0,BUY
1748878020000000000,AAPL,XNAS,1.0018888711929321,100,1.0,SELL
1748878051000000000,AAPL,XNAS,1.0019845962524414,100,3.0,SELL
1748878065000000000,AAPL,XNAS,1.0022236108779907,100,100.0,SELL
1748878079000000000,AAPL,XNAS,1.0022236108779907,100,1.0,BUY
1748878082000000000,AAPL,XNAS,1.0020323991775513,100,100.0,SELL
1748878103000000000,AAPL,XNAS,1.001936674118042,100,100.0,BUY
1748878105000000000,AAPL,XNAS,1.001936674118042,100,20.0,SELL
1748878112000000000,AAPL,XNAS,1.0019845962524414,100,2.0,SELL
1748878146000000000,AAPL,XNAS,1.001936674118042,100,1.0,SELL
1748878152000000000,AAPL,XNAS,1.0021758079528809,100,4.0,BUY
1748878181000000000,AAPL,XNAS,1.0024149417877197,100,2.0,BUY
1748878188000000000,AAPL,XNAS,1.0024149417877197,100,98.0,UNKNOWN
1748878212000000000,AAPL,XNAS,1.0003525018692017,100,215.0,BUY
1748878215000000000,AAPL,XNAS,1.000596046447754,100,6.0,BUY
1748878235000000000,AAPL,XNAS,1.0001431703567505,100,201.0,BUY
1748878243000000000,AAPL,XNAS,0.9998807907104492,100,1.0,SELL
1748878265000000000,AAPL,XNAS,1.0000715255737305,100,4.0,BUY
1748878270000000000,AAPL,XNAS,0.9997377395629883,100,31.0,SELL
1748878278000000000,AAPL,XNAS,0.999547004699707,100,2.0,SELL
1748878280000000000,AAPL,XNAS,0.9994993209838867,100,1.0,SELL
1748878297000000000,AAPL,XNAS,0.9997377395629883,100,4.0,SELL
1748878300000000000,AAPL,XNAS,0.9995946884155273,100,1.0,SELL
1748878322000000000,AAPL,XNAS,0.9994993209838867,100,274.0,SELL
1748878323000000000,AAPL,XNAS,0.9994516372680664,100,2.0,SELL
1748878325000000000,AAPL,XNAS,0.9993085265159607,100,2.0,BUY
1748878330000000000,AAPL,XNAS,0.9990939497947693,100,2.0,BUY
1748878331000000000,AAPL,XNAS,0.9987840056419373,100,3.0,SELL
1748878332000000000,AAPL,XNAS,0.9987363219261169,100,1.0,SELL
1748878341000000000,AAPL,XNAS,0.9990701079368591,100,100.0,SELL
1748878347000000000,AAPL,XNAS,0.9986886382102966,100,90.0,SELL
1748878367000000000,AAPL,XNAS,0.9984979033470154,100,1.0,BUY
1748878377000000000,AAPL,XNAS,0.9985455870628357,100,1.0,SELL
1748878378000000000,AAPL,XNAS,0.9988107085227966,100,25.0,SELL
1748878386000000000,AAPL,XNAS,0.9987840056419373,100,2.0,SELL
1748878387000000000,AAPL,XNAS,0.9992867708206177,100,274.0,SELL
1748878399000000000,AAPL,XNAS,0.999547004699707,100,2.0,BUY
1748878404000000000,AAPL,XNAS,0.999547004699707,100,7.0,SELL
1748878405000000000,AAPL,XNAS,0.9997839331626892,100,32.0,BUY
1748878406000000000,AAPL,XNAS,0.9999046325683594,100,2.0,SELL
1748878407000000000,AAPL,XNAS,1.0000238418579102,100,1.0,BUY
1748878408000000000,AAPL,XNAS,1.0002148151397705,100,203.0,BUY
1748878409000000000,AAPL,XNAS,1.000282883644104,100,292.0,BUY
1748878416000000000,AAPL,XNAS,0.9999409317970276,100,222.0,BUY
1748878420000000000,AAPL,XNAS,0.9997854232788086,100,90.0,SELL
1748878421000000000,AAPL,XNAS,1.0001486539840698,100,468.0,SELL
1748878432000000000,AAPL,XNAS,1.0005483627319336,100,2.0,BUY
1748878434000000000,AAPL,XNAS,1.0003576278686523,100,2.0,SELL
1748878443000000000,AAPL,XNAS,1.0005483627319336,100,2.0,BUY
1748878447000000000,AAPL,XNAS,1.0007262229919434,100,319.0,SELL
1748878450000000000,AAPL,XNAS,1.0008344650268555,100,2.0,BUY
1748878451000000000,AAPL,XNAS,1.0005483627319336,100,42.0,UNKNOWN
1748878454000000000,AAPL,XNAS,1.0007390975952148,100,4.0,SELL
1748878455000000000,AAPL,XNAS,1.0008344650268555,100,2.0,BUY
1748878459000000000,AAPL,XNAS,1.0006437301635742,100,6.0,BUY
1748878462000000000,AAPL,XNAS,1.0009300708770752,100,207.0,SELL
1748878507000000000,AAPL,XNAS,1.0013591051101685,100,25.0,BUY
1748878511000000000,AAPL,XNAS,1.0014508962631226,100,173.0,SELL
1748878515000000000,AAPL,XNAS,1.00159752368927,100,2.0,BUY
1748878520000000000,AAPL,XNAS,1.0013591051101685,100,100.0,SELL
1748878534000000000,AAPL,XNAS,1.001323938369751,100,155.0,SELL
1748878546000000000,AAPL,XNAS,1.000899076461792,100,170.0,BUY
1748878547000000000,AAPL,XNAS,1.0006587505340576,100,292.0,BUY
1748878549000000000,AAPL,XNAS,1.0003576278686523,100,3.0,SELL
1748878561000000000,AAPL,XNAS,1.0003576278686523,100,2.0,BUY
1748878567000000000,AAPL,XNAS,1.0001192092895508,100,7.0,BUY
1748878569000000000,AAPL,XNAS,1.0000715255737305,100,1.0,BUY
1748878576000000000,AAPL,XNAS,0.9997377395629883,100,7.0,BUY
1748878591000000000,AAPL,XNAS,0.9999761581420898,100,89.0,BUY
1748878647000000000,AAPL,XNAS,1.0002622604370117,100,201.0,BUY
1748878680000000000,AAPL,XNAS,0.9999602437019348,100,300.0,SELL
1748878698000000000,AAPL,XNAS,0.999690055847168,100,9.0,SELL
1748878742000000000,AAPL,XNAS,0.9997854232788086,100,2.0,SELL
1748878747000000000,AAPL,XNAS,0.9997716546058655,100,232.0,SELL
1748878771000000000,AAPL,XNAS,1.0001822710037231,100,112.0,BUY
1748878778000000000,AAPL,XNAS,1.0001192092895508,100,90.0,SELL
1748878781000000000,AAPL,XNAS,1.0001192092895508,100,13.0,SELL
1748878802000000000,AAPL,XNAS,1.0005269050598145,100,51.0,BUY
1748878828000000000,AAPL,XNAS,1.000733494758606,100,127.0,BUY
1748878830000000000,AAPL,XNAS,1.000916600227356,100,32.0,BUY
1748878855000000000,AAPL,XNAS,1.000434160232544,100,200.0,UNKNOWN
1748878880000000000,AAPL,XNAS,1.0001929998397827,100,200.0,BUY
1748878886000000000,AAPL,XNAS,0.999758780002594,100,105.0,SELL
1748878916000000000,AAPL,XNAS,1.000048279762268,100,1.0,BUY
1748878956000000000,AAPL,XNAS,0.999758780002594,100,200.0,SELL
1748878961000000000,AAPL,XNAS,0.999758780002594,100,13.0,SELL
1748878962000000000,AAPL,XNAS,0.9996078610420227,100,194.0,BUY
1748878980000000000,AAPL,XNAS,0.999565839767456,100,1.0,BUY
1748878981000000000,AAPL,XNAS,0.9997346997261047,100,120.0,BUY
1748878986000000000,AAPL,XNAS,0.9998445510864258,100,225.0,BUY
1748879008000000000,AAPL,XNAS,1.0004984140396118,100,357.0,SELL
1748879011000000000,AAPL,XNAS,1.0007236003875732,100,100.0,BUY
1748879018000000000,AAPL,XNAS,1.0002894401550293,100,101.0,SELL
1748879044000000000,AAPL,XNAS,1.0011693239212036,100,484.0,BUY
1748879049000000000,AAPL,XNAS,1.001495361328125,100,100.0,BUY
1748879098000000000,AAPL,XNAS,1.0009647607803345,100,1.0,BUY
1748879157000000000,AAPL,XNAS,1.0010130405426025,100,1.0,BUY
1748879158000000000,AAPL,XNAS,1.0011577606201172,100,11.0,SELL
1748879160000000000,AAPL,XNAS,1.0016883611679077,100,97.0,BUY
1748879199000000000,AAPL,XNAS,1.0010294914245605,100,421.0,SELL
1748879216000000000,AAPL,XNAS,1.0013989210128784,100,1.0,BUY
1748879219000000000,AAPL,XNAS,1.0017285346984863,100,125.0,BUY
1748879238000000000,AAPL,XNAS,1.0020817518234253,100,492.0,BUY
1748879254000000000,AAPL,XNAS,1.002460241317749,100,56.0,BUY
1748879277000000000,AAPL,XNAS,1.0024923086166382,100,3.0,BUY
1748879306000000000,AAPL,XNAS,1.0025084018707275,100,3.0,BUY
1748879308000000000,AAPL,XNAS,1.0025084018707275,100,22.0,SELL
1748879327000000000,AAPL,XNAS,1.0022027492523193,100,302.0,BUY
1748879337000000000,AAPL,XNAS,1.001929521560669,100,1.0,SELL
1748879375000000000,AAPL,XNAS,1.0024594068527222,100,238.0,SELL
1748879400000000000,AAPL,XNAS,1.0010453462600708,100,2.0,BUY
1748879408000000000,AAPL,XNAS,1.001697063446045,100,288.0,SELL
1748879410000000000,AAPL,XNAS,1.001777172088623,100,6.0,BUY
1748879429000000000,AAPL,XNAS,1.001463532447815,100,1.0,BUY
1748879432000000000,AAPL,XNAS,1.0008362531661987,100,597.0,SELL
1748879437000000000,AAPL,XNAS,1.0007853507995605,100,205.0,SELL
1748879474000000000,AAPL,XNAS,1.0004304647445679,100,340.0,SELL
1748879480000000000,AAPL,XNAS,1.0000208616256714,100,10.0,SELL
1748879489000000000,AAPL,XNAS,0.9994773268699646,100,63.0,SELL
1748879493000000000,AAPL,XNAS,0.9993205070495605,100,38.0,SELL
1748879516000000000,AAPL,XNAS,0.9989546537399292,100,12.0,SELL
1748879521000000000,AAPL,XNAS,0.9985887408256531,100,1.0,SELL
1748879522000000000,AAPL,XNAS,0.9985887408256531,100,1.0,SELL
1748879591000000000,AAPL,XNAS,0.9990069270133972,100,1.0,SELL
1748879595000000000,AAPL,XNAS,1.0003271102905273,100,97.0,SELL
1748879599000000000,AAPL,XNAS,1.0003944635391235,100,73.0,SELL
1748879605000000000,AAPL,XNAS,1.0018144845962524,100,21.0,BUY
1748879608000000000,AAPL,XNAS,1.0027179718017578,100,5.0,BUY
1748879664000000000,AAPL,XNAS,1.0037435293197632,100,377.0,SELL
1748879722000000000,AAPL,XNAS,1.0043696165084839,100,5.0,BUY
1748879763000000000,AAPL,XNAS,1.0050691366195679,101,332.0,BUY
1748879781000000000,AAPL,XNAS,1.0040345191955566,100,320.0,SELL
1748879845000000000,AAPL,XNAS,1.0046519041061401,100,1.0,BUY
1748879846000000000,AAPL,XNAS,1.0047041177749634,100,1.0,BUY
1748879856000000000,AAPL,XNAS,1.0048086643218994,100,1.0,BUY
1748879873000000000,AAPL,XNAS,1.0055404901504517,101,4.0,BUY
1748879881000000000,AAPL,XNAS,1.0052268505096436,101,1.0,BUY
1748879894000000000,AAPL,XNAS,1.0054881572723389,101,1.0,BUY
1748879949000000000,AAPL,XNAS,1.0062631368637085,101,104.0,BUY
1748879964000000000,AAPL,XNAS,1.0065335035324097,101,105.0,BUY
1748879968000000000,AAPL,XNAS,1.0065335035324097,101,9.0,BUY
1748880002000000000,AAPL,XNAS,1.0004476308822632,100,104.0,SELL
1748880068000000000,AAPL,XNAS,0.9996771812438965,100,360.0,BUY
1748880070000000000,AAPL,XNAS,0.9993638396263123,100,2.0,SELL
1748880075000000000,AAPL,XNAS,0.999552309513092,100,1.0,SELL
1748880076000000000,AAPL,XNAS,0.9998350739479065,100,217.0,BUY
1748880160000000000,AAPL,XNAS,0.9995994567871094,100,14.0,SELL
1748880166000000000,AAPL,XNAS,0.9995391368865967,100,107.0,BUY
1748880169000000000,AAPL,XNAS,0.9991753101348877,100,5.0,SELL
1748880177000000000,AAPL,XNAS,0.9990339279174805,100,101.0,SELL
1748880189000000000,AAPL,XNAS,0.9988454580307007,100,1.0,SELL
1748880199000000000,AAPL,XNAS,0.9987426996231079,100,50.0,SELL
1748880201000000000,AAPL,XNAS,0.9990339279174805,100,1.0,UNKNOWN
1748880224000000000,AAPL,XNAS,0.9987983107566833,100,9.0,SELL
1748880229000000000,AAPL,XNAS,0.9988454580307007,100,1.0,BUY
1748880230000000000,AAPL,XNAS,0.9989868402481079,100,225.0,SELL
1748880232000000000,AAPL,XNAS,0.9994524121284485,100,25.0,BUY
1748880281000000000,AAPL,XNAS,0.9995608925819397,100,11.0,SELL
1748880282000000000,AAPL,XNAS,0.9999764561653137,100,1.0,SELL
1748880303000000000,AAPL,XNAS,0.9999293088912964,100,105.0,SELL
1748880345000000000,AAPL,XNAS,0.9996873140335083,100,74.0,SELL
1748880382000000000,AAPL,XNAS,0.9993451237678528,100,217.0,SELL
1748880392000000000,AAPL,XNAS,0.9991198778152466,100,17.0,SELL
1748880393000000000,AAPL,XNAS,0.9989396929740906,100,2.0,SELL
1748880394000000000,AAPL,XNAS,0.9987172484397888,100,25.0,SELL
1748880406000000000,AAPL,XNAS,0.9985509514808655,100,12.0,SELL
1748880409000000000,AAPL,XNAS,0.9985156059265137,100,1.0,SELL
1748880420000000000,AAPL,XNAS,0.9982956647872925,100,3.0,SELL
1748880439000000000,AAPL,XNAS,0.9983270764350891,100,1.0,SELL
1748880477000000000,AAPL,XNAS,0.9986098408699036,100,1.0,BUY
1748880499000000000,AAPL,XNAS,0.9986569881439209,100,1.0,SELL
1748880544000000000,AAPL,XNAS,0.9984684586524963,100,1.0,BUY
1748880551000000000,AAPL,XNAS,0.9986557960510254,100,162.0,SELL
1748880563000000000,AAPL,XNAS,0.9984684586524963,100,10.0,SELL
1748880566000000000,AAPL,XNAS,0.9982959628105164,100,115.0,SELL
1748880621000000000,AAPL,XNAS,0.9997416138648987,100,131.0,SELL
1748880697000000000,AAPL,XNAS,0.999593198299408,100,335.0,BUY
1748880711000000000,AAPL,XNAS,0.9986758828163147,100,12.0,SELL
1748880717000000000,AAPL,XNAS,0.9984700679779053,100,51.0,SELL
1748880720000000000,AAPL,XNAS,0.9984700679779053,100,13.0,SELL
1748880742000000000,AAPL,XNAS,0.9990069270133972,100,403.0,BUY
1748880746000000000,AAPL,XNAS,0.9991679191589355,100,100.0,BUY
1748880765000000000,AAPL,XNAS,0.9993826746940613,100,200.0,BUY
1748880781000000000,AAPL,XNAS,0.9993826746940613,100,200.0,BUY
1748880810000000000,AAPL,XNAS,0.9998657703399658,100,20.0,BUY
1748880833000000000,AAPL,XNAS,0.9995232820510864,100,84.0,BUY
1748880877000000000,AAPL,XNAS,0.9992257356643677,100,416.0,SELL
1748880878000000000,AAPL,XNAS,0.9992216229438782,100,15.0,SELL
1748880881000000000,AAPL,XNAS,0.9991679191589355,100,6.0,SELL
1748880957000000000,AAPL,XNAS,0.9995973706245422,100,101.0,SELL
1748880972000000000,AAPL,XNAS,1.0000804662704468,100,100.0,BUY
1748881027000000000,AAPL,XNAS,0.9996510744094849,100,103.0,SELL
1748881039000000000,AAPL,XNAS,1.000026822090149,100,200.0,BUY
1748881047000000000,AAPL,XNAS,1.000206470489502,100,508.0,SELL
1748881086000000000,AAPL,XNAS,1.0009393692016602,100,100.0,SELL
1748881133000000000,AAPL,XNAS,1.0005120038986206,100,104.0,SELL
1748881160000000000,AAPL,XNAS,1.0010746717453003,100,441.0,SELL
1748881161000000000,AAPL,XNAS,1.0017231702804565,100,20.0,SELL
1748881198000000000,AAPL,XNAS,1.0012614727020264,100,225.0,SELL
1748881201000000000,AAPL,XNAS,0.9986944198608398,100,53.0,BUY
1748881204000000000,AAPL,XNAS,0.9985920190811157,100,2.0,BUY
1748881220000000000,AAPL,XNAS,0.999718427658081,100,254.0,SELL
1748881267000000000,AAPL,XNAS,1.0006911754608154,100,2.0,SELL
1748881281000000000,AAPL,XNAS,1.000281572341919,100,220.0,SELL
1748881305000000000,AAPL,XNAS,0.9999232292175293,100,100.0,SELL
1748881311000000000,AAPL,XNAS,0.999718427658081,100,100.0,BUY
1748881314000000000,AAPL,XNAS,0.9982848167419434,100,103.0,SELL
1748881374000000000,AAPL,XNAS,1.00043523311615,100,35.0,BUY
1748881387000000000,AAPL,XNAS,1.000281572341919,100,2.0,BUY
1748881390000000000,AAPL,XNAS,0.9997168183326721,100,222.0,BUY
1748881403000000000,AAPL,XNAS,0.9989247918128967,100,200.0,BUY
1748881428000000000,AAPL,XNAS,0.999718427658081,100,39.0,BUY
1748881447000000000,AAPL,XNAS,0.9991040229797363,100,2.0,SELL
1748881476000000000,AAPL,XNAS,0.9983617067337036,100,425.0,BUY
1748881507000000000,AAPL,XNAS,0.9968512654304504,100,2.0,BUY
1748881562000000000,AAPL,XNAS,0.9955712556838989,100,100.0,SELL
1748881567000000000,AAPL,XNAS,0.9955049753189087,100,17.0,SELL
1748881591000000000,AAPL,XNAS,0.9950592517852783,100,100.0,SELL
1748881593000000000,AAPL,XNAS,0.9950592517852783,100,71.0,SELL
1748881627000000000,AAPL,XNAS,0.9961344599723816,100,2.0,UNKNOWN
1748881630000000000,AAPL,XNAS,0.9952640533447266,100,15.0,SELL
1748881636000000000,AAPL,XNAS,0.9950370788574219,100,201.0,SELL
1748881639000000000,AAPL,XNAS,0.9943701028823853,99,100.0,SELL
1748881676000000000,AAPL,XNAS,0.9965812563896179,100,110.0,BUY
1748881687000000000,AAPL,XNAS,0.9960320591926575,100,1.0,BUY
1748881695000000000,AAPL,XNAS,0.9960320591926575,100,50.0,SELL
1748881704000000000,AAPL,XNAS,0.995673656463623,100,215.0,BUY
1748881741000000000,AAPL,XNAS,0.9956947565078735,100,238.0,SELL
1748881769000000000,AAPL,XNAS,0.9950525760650635,100,115.0,SELL
1748881797000000000,AAPL,XNAS,0.9963895082473755,100,161.0,BUY
1748881831000000000,AAPL,XNAS,1.0003271102905273,100,1.0,SELL
1748881844000000000,AAPL,XNAS,1.0002336502075195,100,1.0,SELL
1748881845000000000,AAPL,XNAS,1.0006542205810547,100,1.0,BUY
1748881846000000000,AAPL,XNAS,1.0007009506225586,100,1.0,SELL
1748881877000000000,AAPL,XNAS,1.000500202178955,100,17.0,SELL
1748881932000000000,AAPL,XNAS,1.000514030456543,100,1.0,BUY
1748881938000000000,AAPL,XNAS,1.0007009506225586,100,1.0,BUY
1748881965000000000,AAPL,XNAS,1.0007476806640625,100,2.0,BUY
1748881994000000000,AAPL,XNAS,1.0006074905395508,100,1.0,BUY
1748882025000000000,AAPL,XNAS,1.0007009506225586,100,15.0,SELL
1748882027000000000,AAPL,XNAS,1.0007009506225586,100,1.0,SELL
1748882029000000000,AAPL,XNAS,1.0007009506225586,100,1.0,SELL
1748882040000000000,AAPL,XNAS,1.0010746717453003,100,112.0,BUY
1748882085000000000,AAPL,XNAS,1.001261591911316,100,2.0,BUY
1748882100000000000,AAPL,XNAS,1.0014485120773315,100,16.0,BUY
1748882119000000000,AAPL,XNAS,1.0015480518341064,100,321.0,BUY
1748882148000000000,AAPL,XNAS,1.0014485120773315,100,2.0,UNKNOWN
1748882152000000000,AAPL,XNAS,1.001682162284851,100,100.0,BUY
1748882153000000000,AAPL,XNAS,1.0019301176071167,100,218.0,SELL
1748882154000000000,AAPL,XNAS,1.0018690824508667,100,100.0,SELL
1748882173000000000,AAPL,XNAS,1.002051830291748,100,1263.0,BUY
1748882174000000000,AAPL,XNAS,1.0017130374908447,100,109.0,SELL
1748882175000000000,AAPL,XNAS,1.001747965812683,100,850.0,SELL
1748882178000000000,AAPL,XNAS,1.0013998746871948,100,689.0,BUY
1748882188000000000,AAPL,XNAS,1.0006074905395508,100,1.0,BUY
1748882204000000000,AAPL,XNAS,1.0001401901245117,100,100.0,SELL
1748882208000000000,AAPL,XNAS,0.9998363256454468,100,171.0,BUY
1748882209000000000,AAPL,XNAS,0.9993458390235901,100,200.0,SELL
1748882233000000000,AAPL,XNAS,0.9992523789405823,100,90.0,SELL
1748882234000000000,AAPL,XNAS,0.9990684986114502,100,339.0,BUY
1748882240000000000,AAPL,XNAS,0.9985505938529968,100,107.0,SELL
1748882241000000000,AAPL,XNAS,0.9985514879226685,100,105.0,SELL
1748882243000000000,AAPL,XNAS,0.998314380645752,100,94.0,BUY
1748882261000000000,AAPL,XNAS,0.9980841875076294,100,198.0,UNKNOWN
1748882266000000000,AAPL,XNAS,0.9978505969047546,100,3.0,BUY
1748882273000000000,AAPL,XNAS,0.997663676738739,100,1.0,SELL
1748882320000000000,AAPL,XNAS,0.9980841875076294,100,100.0,SELL
1748882321000000000,AAPL,XNAS,0.9980841875076294,100,130.0,SELL
1748882322000000000,AAPL,XNAS,0.9978410601615906,100,108.0,SELL
1748882343000000000,AAPL,XNAS,0.9979907274246216,100,90.0,BUY
1748882344000000000,AAPL,XNAS,0.9979907274246216,100,6.0,BUY
1748882346000000000,AAPL,XNAS,0.9978505969047546,100,1.0,BUY
1748882354000000000,AAPL,XNAS,0.9978038668632507,100,1.0,BUY
1748882358000000000,AAPL,XNAS,0.9976663589477539,100,103.0,SELL
1748882359000000000,AAPL,XNAS,0.9974206686019897,100,20.0,BUY
1748882367000000000,AAPL,XNAS,0.9972918033599854,100,95.0,SELL
1748882368000000000,AAPL,XNAS,0.9971029162406921,100,1.0,SELL
1748882371000000000,AAPL,XNAS,0.9976169466972351,100,263.0,SELL
1748882382000000000,AAPL,XNAS,0.9976169466972351,100,100.0,SELL
1748882384000000000,AAPL,XNAS,0.9979961514472961,100,243.0,SELL
1748882433000000000,AAPL,XNAS,1.0012775659561157,100,200.0,BUY
1748882474000000000,AAPL,XNAS,1.0008184909820557,100,611.0,BUY
1748882477000000000,AAPL,XNAS,1.0006238222122192,100,21.0,BUY
1748882546000000000,AAPL,XNAS,1.0004758834838867,100,1.0,SELL
1748882561000000000,AAPL,XNAS,1.0001753568649292,100,100.0,SELL
1748882563000000000,AAPL,XNAS,1.0001252889633179,100,36.0,BUY
1748882625000000000,AAPL,XNAS,0.999374270439148,100,202.0,BUY
1748882627000000000,AAPL,XNAS,0.9994238615036011,100,3.0,BUY
1748882630000000000,AAPL,XNAS,0.9993236660957336,100,8.0,SELL
1748882642000000000,AAPL,XNAS,0.999123752117157,100,200.0,SELL
1748882643000000000,AAPL,XNAS,0.9990230798721313,100,230.0,SELL
1748882645000000000,AAPL,XNAS,0.9990230798721313,100,70.0,SELL
1748882691000000000,AAPL,XNAS,0.9985712170600891,100,102.0,SELL
1748882716000000000,AAPL,XNAS,0.9982715845108032,100,2.0,SELL
1748882718000000000,AAPL,XNAS,0.9982715845108032,100,4.0,UNKNOWN
1748882768000000000,AAPL,XNAS,0.9979208707809448,100,1.0,SELL
1748882775000000000,AAPL,XNAS,0.9982878565788269,100,160.0,SELL
1748882826000000000,AAPL,XNAS,0.9979709982872009,100,105.0,SELL
1748882900000000000,AAPL,XNAS,0.9981188774108887,100,21.0,SELL
1748882967000000000,AAPL,XNAS,0.9981178045272827,100,230.0,SELL
1748883009000000000,AAPL,XNAS,1.0003867149353027,100,12.0,SELL
1748883011000000000,AAPL,XNAS,1.0003846883773804,100,101.0,BUY
1748883022000000000,AAPL,XNAS,1.0004903078079224,100,131.0,SELL
1748883053000000000,AAPL,XNAS,1.0017789602279663,100,100.0,BUY
1748883067000000000,AAPL,XNAS,1.0019336938858032,100,179.0,BUY
1748883084000000000,AAPL,XNAS,1.0011086463928223,100,126.0,SELL
1748883085000000000,AAPL,XNAS,1.000974416732788,100,577.0,SELL
1748883097000000000,AAPL,XNAS,1.0020849704742432,100,106.0,BUY
1748883123000000000,AAPL,XNAS,1.0026885271072388,100,624.0,BUY
1748883138000000000,AAPL,XNAS,1.0032098293304443,100,4.0,BUY
1748883139000000000,AAPL,XNAS,1.0037671327590942,100,344.0,SELL
1748883141000000000,AAPL,XNAS,1.004357099533081,100,3.0,BUY
1748883153000000000,AAPL,XNAS,1.0032227039337158,100,100.0,SELL
1748883167000000000,AAPL,XNAS,1.0027586221694946,100,20.0,SELL
1748883175000000000,AAPL,XNAS,1.0024492740631104,100,100.0,SELL
1748883179000000000,AAPL,XNAS,1.0023976564407349,100,101.0,SELL
1748883195000000000,AAPL,XNAS,1.002048134803772,100,237.0,BUY
1748883196000000000,AAPL,XNAS,1.0011086463928223,100,1.0,SELL
1748883199000000000,AAPL,XNAS,1.0017789602279663,100,20.0,BUY
1748883220000000000,AAPL,XNAS,1.0022711753845215,100,11.0,BUY
1748883233000000000,AAPL,XNAS,1.0019336938858032,100,43.0,SELL
1748883246000000000,AAPL,XNAS,1.0036205053329468,100,7.0,BUY
1748883275000000000,AAPL,XNAS,1.0046149492263794,100,92.0,BUY
1748883281000000000,AAPL,XNAS,1.003015398979187,100,101.0,SELL
1748883282000000000,AAPL,XNAS,1.0029133558273315,100,5.0,SELL
1748883323000000000,AAPL,XNAS,1.0045530796051025,100,10.0,BUY
1748883333000000000,AAPL,XNAS,1.0045857429504395,100,277.0,BUY
1748883356000000000,AAPL,XNAS,1.0043056011199951,100,402.0,SELL
1748883384000000000,AAPL,XNAS,1.0042675733566284,100,114.0,SELL
1748883413000000000,AAPL,XNAS,1.005336880683899,101,2.0,BUY
1748883422000000000,AAPL,XNAS,1.0058444738388062,101,77.0,BUY
1748883450000000000,AAPL,XNAS,1.0045806169509888,100,300.0,SELL
1748883459000000000,AAPL,XNAS,1.0057154893875122,101,265.0,BUY
1748883491000000000,AAPL,XNAS,1.005852460861206,101,100.0,SELL
1748883492000000000,AAPL,XNAS,1.0058009624481201,101,100.0,SELL
1748883500000000000,AAPL,XNAS,1.0056407451629639,101,112.0,BUY
1748883549000000000,AAPL,XNAS,1.005027413368225,101,100.0,SELL
1748883575000000000,AAPL,XNAS,1.0049759149551392,100,7.0,SELL
1748883623000000000,AAPL,XNAS,0.999062716960907,100,115.0,SELL
1748883641000000000,AAPL,XNAS,0.9987742900848389,100,1.0,SELL
1748883671000000000,AAPL,XNAS,0.9986781477928162,100,1.0,SELL
1748883673000000000,AAPL,XNAS,0.9985820651054382,100,2.0,SELL
1748883677000000000,AAPL,XNAS,0.9987262487411499,100,125.0,SELL
1748883733000000000,AAPL,XNAS,0.9986301064491272,100,4.0,SELL
1748883742000000000,AAPL,XNAS,0.9985339641571045,100,1.0,SELL
1748883758000000000,AAPL,XNAS,0.9985820651054382,100,1.0,SELL
1748883775000000000,AAPL,XNAS,0.9988135099411011,100,136.0,SELL
1748883793000000000,AAPL,XNAS,0.9983458518981934,100,151.0,SELL
1748883816000000000,AAPL,XNAS,0.9981666207313538,100,324.0,BUY
1748883817000000000,AAPL,XNAS,0.997612714767456,100,6.0,SELL
1748883818000000000,AAPL,XNAS,0.9975245594978333,100,5.0,SELL
1748883819000000000,AAPL,XNAS,0.9974284172058105,100,5.0,SELL
1748883870000000000,AAPL,XNAS,0.9975245594978333,100,3.0,SELL
1748883879000000000,AAPL,XNAS,0.9978129863739014,100,1.0,BUY
1748883939000000000,AAPL,XNAS,0.9974765181541443,100,1.0,SELL
1748883943000000000,AAPL,XNAS,0.9974043965339661,100,2.0,SELL
1748883984000000000,AAPL,XNAS,0.9974043965339661,100,2.0,SELL
1748883998000000000,AAPL,XNAS,0.9973803758621216,100,1.0,SELL
1748884016000000000,AAPL,XNAS,0.9977648854255676,100,2.0,BUY
1748884017000000000,AAPL,XNAS,0.997801661491394,100,17.0,BUY
1748884018000000000,AAPL,XNAS,0.9979091286659241,100,200.0,BUY
1748884019000000000,AAPL,XNAS,0.9980533123016357,100,3.0,BUY
1748884058000000000,AAPL,XNAS,0.997572660446167,100,1.0,SELL
1748884118000000000,AAPL,XNAS,0.9978129863739014,100,1.0,SELL
1748884133000000000,AAPL,XNAS,0.9980311393737793,100,39.0,BUY
1748884186000000000,AAPL,XNAS,0.9973323345184326,100,10.0,SELL
1748884187000000000,AAPL,XNAS,0.9972212314605713,100,319.0,BUY
1748884188000000000,AAPL,XNAS,0.997107982635498,100,3.0,SELL
1748884189000000000,AAPL,XNAS,0.9970439076423645,100,1.0,SELL
1748884190000000000,AAPL,XNAS,0.9972099661827087,100,255.0,SELL
1748884385000000000,AAPL,XNAS,0.9999760985374451,100,20.0,SELL
1748884520000000000,AAPL,XNAS,1.0007885694503784,100,1.0,BUY
1748884546000000000,AAPL,XNAS,1.0011992454528809,100,531.0,BUY
1748884553000000000,AAPL,XNAS,1.001075267791748,100,1.0,BUY
1748884561000000000,AAPL,XNAS,1.0012664794921875,100,5.0,BUY
1748884562000000000,AAPL,XNAS,1.0015437602996826,100,121.0,SELL
1748884564000000000,AAPL,XNAS,1.0022222995758057,100,100.0,SELL
1748884623000000000,AAPL,XNAS,1.003130316734314,100,6.0,BUY
1748884709000000000,AAPL,XNAS,1.0025089979171753,100,2.0,SELL
1748884726000000000,AAPL,XNAS,1.0025089979171753,100,105.0,SELL
1748884727000000000,AAPL,XNAS,1.0024133920669556,100,2.0,SELL
1748884732000000000,AAPL,XNAS,1.0027002096176147,100,1.0,SELL
1748884765000000000,AAPL,XNAS,1.0034162998199463,100,264.0,BUY
1748884769000000000,AAPL,XNAS,1.0030347108840942,100,108.0,SELL
1748884804000000000,AAPL,XNAS,1.0000957250595093,100,25.0,BUY
1748884805000000000,AAPL,XNAS,1.0001845359802246,100,277.0,SELL
1748884831000000000,AAPL,XNAS,1.000624418258667,100,161.0,SELL
1748884832000000000,AAPL,XNAS,1.0009092092514038,100,3.0,BUY
1748884833000000000,AAPL,XNAS,1.0009571313858032,100,64.0,BUY
1748884852000000000,AAPL,XNAS,1.001052737236023,100,1.0,SELL
1748884857000000000,AAPL,XNAS,1.0011497735977173,100,149.0,SELL
1748884862000000000,AAPL,XNAS,1.0013399124145508,100,90.0,BUY
1748884866000000000,AAPL,XNAS,1.00143563747406,100,5.0,BUY
1748884905000000000,AAPL,XNAS,1.0015313625335693,100,8.0,BUY
1748884915000000000,AAPL,XNAS,1.0015791654586792,100,1.0,BUY
1748884916000000000,AAPL,XNAS,1.0015791654586792,100,1.0,SELL
1748884935000000000,AAPL,XNAS,1.0015791654586792,100,1.0,BUY
1748884972000000000,AAPL,XNAS,1.0016748905181885,100,1.0,BUY
1748884977000000000,AAPL,XNAS,1.0017706155776978,100,1.0,BUY
1748884980000000000,AAPL,XNAS,1.0015747547149658,100,702.0,SELL
1748884992000000000,AAPL,XNAS,1.00148344039917,100,1.0,BUY
1748884996000000000,AAPL,XNAS,1.0013399124145508,100,140.0,SELL
1748884997000000000,AAPL,XNAS,1.0013399124145508,100,51.0,SELL
1748884999000000000,AAPL,XNAS,1.0013399124145508,100,9.0,SELL
1748885003000000000,AAPL,XNAS,1.0013347864151,100,112.0,BUY
1748885014000000000,AAPL,XNAS,1.0011006593704224,100,25.0,SELL
1748885018000000000,AAPL,XNAS,1.0011006593704224,100,275.0,BUY
1748885020000000000,AAPL,XNAS,1.0008134841918945,100,100.0,SELL
1748885035000000000,AAPL,XNAS,1.0006232261657715,100,332.0,BUY
1748885038000000000,AAPL,XNAS,1.0002392530441284,100,2.0,SELL
1748885115000000000,AAPL,XNAS,1.0003349781036377,100,102.0,UNKNOWN
1748885118000000000,AAPL,XNAS,1.0004785060882568,100,20.0,SELL
1748885120000000000,AAPL,XNAS,1.000430703163147,100,50.0,SELL
1748885222000000000,AAPL,XNAS,1.0006500482559204,100,185.0,SELL
1748885223000000000,AAPL,XNAS,1.0005303621292114,100,109.0,BUY
1748885231000000000,AAPL,XNAS,1.0002988576889038,100,386.0,BUY
1748885232000000000,AAPL,XNAS,1.0000957250595093,100,100.0,BUY
1748885241000000000,AAPL,XNAS,1.0002392530441284,100,1.0,BUY
1748885298000000000,AAPL,XNAS,1.0002871751785278,100,9.0,SELL
1748885332000000000,AAPL,XNAS,1.0002871751785278,100,50.0,SELL
1748885335000000000,AAPL,XNAS,1.0002871751785278,100,15.0,SELL
1748885347000000000,AAPL,XNAS,1.0003316402435303,100,717.0,SELL
1748885362000000000,AAPL,XNAS,1.0003827810287476,100,200.0,BUY
1748885365000000000,AAPL,XNAS,1.0001435279846191,100,96.0,SELL
1748885366000000000,AAPL,XNAS,1.0000975131988525,100,104.0,BUY
1748885415000000000,AAPL,XNAS,0.9982145428657532,100,4.0,SELL
1748885425000000000,AAPL,XNAS,0.997817873954773,100,46.0,SELL
1748885456000000000,AAPL,XNAS,0.9975955486297607,100,13.0,SELL
1748885459000000000,AAPL,XNAS,0.9973487257957458,100,5.0,SELL
1748885464000000000,AAPL,XNAS,0.9970405697822571,100,2.0,SELL
1748885485000000000,AAPL,XNAS,0.9978966116905212,100,2.0,SELL
1748885502000000000,AAPL,XNAS,0.9984835982322693,100,107.0,BUY
1748885505000000000,AAPL,XNAS,0.9986276626586914,100,128.0,BUY
1748885507000000000,AAPL,XNAS,0.9974278807640076,100,129.0,SELL
1748885509000000000,AAPL,XNAS,0.997651994228363,100,9.0,SELL
1748885553000000000,AAPL,XNAS,0.9979859590530396,100,121.0,SELL
1748885592000000000,AAPL,XNAS,0.9976031184196472,100,2.0,SELL
1748885620000000000,AAPL,XNAS,0.997505247592926,100,6.0,SELL
1748885621000000000,AAPL,XNAS,0.9973748326301575,100,6.0,SELL
1748885659000000000,AAPL,XNAS,0.9979164004325867,100,504.0,SELL
1748885666000000000,AAPL,XNAS,0.9977009296417236,100,200.0,BUY
1748885674000000000,AAPL,XNAS,0.9982320070266724,100,28.0,BUY
1748885717000000000,AAPL,XNAS,0.9985814094543457,100,8.0,BUY
1748885727000000000,AAPL,XNAS,0.9986303448677063,100,4.0,BUY
1748885733000000000,AAPL,XNAS,0.998885989189148,100,106.0,SELL
1748885735000000000,AAPL,XNAS,0.9990705847740173,100,2.0,BUY
1748885768000000000,AAPL,XNAS,0.999413013458252,100,1.0,BUY
1748885789000000000,AAPL,XNAS,1.0001423358917236,100,202.0,BUY
1748885790000000000,AAPL,XNAS,1.0000978708267212,100,10.0,BUY
1748885840000000000,AAPL,XNAS,0.9999021887779236,100,1.0,SELL
1748885842000000000,AAPL,XNAS,0.9995108246803284,100,3.0,SELL
1748885845000000000,AAPL,XNAS,0.999500036239624,100,213.0,SELL
1748885871000000000,AAPL,XNAS,1.0002446174621582,100,107.0,BUY
1748885908000000000,AAPL,XNAS,0.9996110200881958,100,21.0,BUY
1748885910000000000,AAPL,XNAS,0.9991148710250854,100,105.0,SELL
1748885940000000000,AAPL,XNAS,0.9990705847740173,100,1.0,SELL
1748885946000000000,AAPL,XNAS,0.9989238381385803,100,200.0,SELL
1748885976000000000,AAPL,XNAS,0.9986792802810669,100,3.0,SELL
1748885986000000000,AAPL,XNAS,0.9994805455207825,100,420.0,BUY
1748886000000000000,AAPL,XNAS,0.9995616674423218,100,213.0,BUY
1748886001000000000,AAPL,XNAS,0.999610960483551,100,136.0,BUY
1748886027000000000,AAPL,XNAS,0.999610960483551,100,4.0,UNKNOWN
1748886038000000000,AAPL,XNAS,0.9993795156478882,100,100.0,SELL
1748886113000000000,AAPL,XNAS,0.9995136857032776,100,1.0,SELL
1748886131000000000,AAPL,XNAS,0.9994164705276489,100,100.0,SELL
1748886165000000000,AAPL,XNAS,0.9996581673622131,100,102.0,BUY
1748886203000000000,AAPL,XNAS,0.9994651079177856,100,100.0,SELL
1748886216000000000,AAPL,XNAS,0.9993230700492859,100,100.0,SELL
1748886255000000000,AAPL,XNAS,0.9994651079177856,100,109.0,BUY
1748886264000000000,AAPL,XNAS,0.9994164705276489,100,200.0,BUY
1748886267000000000,AAPL,XNAS,0.9995136857032776,100,10.0,BUY
1748886276000000000,AAPL,XNAS,0.9993191957473755,100,1.0,BUY
1748886318000000000,AAPL,XNAS,0.9991247057914734,100,1.0,SELL
1748886332000000000,AAPL,XNAS,0.9990922808647156,100,39.0,BUY
1748886349000000000,AAPL,XNAS,0.9991155862808228,100,32.0,BUY
1748886358000000000,AAPL,XNAS,0.9992697238922119,100,56.0,BUY
1748886361000000000,AAPL,XNAS,0.9994164705276489,100,105.0,BUY
1748886370000000000,AAPL,XNAS,0.9994651079177856,100,11.0,BUY
1748886371000000000,AAPL,XNAS,0.9995136857032776,100,108.0,BUY
1748886400000000000,AAPL,XNAS,0.9995623230934143,100,2.0,BUY
1748886447000000000,AAPL,XNAS,0.9993678331375122,100,1.0,BUY
1748886451000000000,AAPL,XNAS,0.999221920967102,100,1.0,SELL
1748886452000000000,AAPL,XNAS,0.9991732835769653,100,1.0,SELL
1748886484000000000,AAPL,XNAS,0.9994173645973206,100,208.0,BUY
1748886501000000000,AAPL,XNAS,0.9994651079177856,100,1.0,SELL
1748886511000000000,AAPL,XNAS,0.999610960483551,100,171.0,BUY
1748886530000000000,AAPL,XNAS,0.9994651079177856,100,100.0,SELL
1748886537000000000,AAPL,XNAS,0.9994164705276489,100,100.0,SELL
1748886574000000000,AAPL,XNAS,0.9994651079177856,100,119.0,BUY
1748886615000000000,AAPL,XNAS,0.9986624121665955,100,1.0,UNKNOWN
1748886616000000000,AAPL,XNAS,0.9985145926475525,100,277.0,BUY
1748886619000000000,AAPL,XNAS,0.9978374242782593,100,103.0,SELL
1748886625000000000,AAPL,XNAS,0.9975436925888062,100,2.0,UNKNOWN
1748886633000000000,AAPL,XNAS,0.9972678422927856,100,140.0,SELL
1748886638000000000,AAPL,XNAS,0.9972518682479858,100,7.0,SELL
1748886639000000000,AAPL,XNAS,0.9975923299789429,100,90.0,BUY
1748886640000000000,AAPL,XNAS,0.997738242149353,100,100.0,SELL
1748886669000000000,AAPL,XNAS,0.997738242149353,100,1.0,BUY
1748886671000000000,AAPL,XNAS,0.9978275895118713,100,98.0,BUY
1748886673000000000,AAPL,XNAS,0.9975935816764832,100,39.0,BUY
1748886676000000000,AAPL,XNAS,0.9972032308578491,100,21.0,SELL
1748886677000000000,AAPL,XNAS,0.9974950551986694,100,190.0,SELL
1748886681000000000,AAPL,XNAS,0.9973005056381226,100,1.0,SELL
1748886682000000000,AAPL,XNAS,0.9970998764038086,100,8.0,SELL
1748886688000000000,AAPL,XNAS,0.9976896047592163,100,34.0,BUY
1748886693000000000,AAPL,XNAS,0.9976807832717896,100,99.0,BUY
1748886703000000000,AAPL,XNAS,0.9971484541893005,100,103.0,SELL
1748886716000000000,AAPL,XNAS,0.9971545934677124,100,8.0,UNKNOWN
1748886721000000000,AAPL,XNAS,0.9968141317367554,100,22.0,SELL
1748886722000000000,AAPL,XNAS,0.9964423179626465,100,90.0,SELL
1748886725000000000,AAPL,XNAS,0.9967168569564819,100,200.0,SELL
1748886739000000000,AAPL,XNAS,0.9966195821762085,100,100.0,UNKNOWN
1748886759000000000,AAPL,XNAS,0.9964736700057983,100,9.0,SELL
1748886761000000000,AAPL,XNAS,0.9968591928482056,100,163.0,BUY
1748886766000000000,AAPL,XNAS,0.9970086812973022,100,90.0,SELL
1748886774000000000,AAPL,XNAS,0.9970086812973022,100,100.0,BUY
1748886787000000000,AAPL,XNAS,0.9967168569564819,100,100.0,SELL
1748886794000000000,AAPL,XNAS,0.9964412450790405,100,144.0,BUY
1748886795000000000,AAPL,XNAS,0.9959455728530884,100,223.0,BUY
1748886796000000000,AAPL,XNAS,0.9959385991096497,100,10.0,BUY
1748886797000000000,AAPL,XNAS,0.9960358738899231,100,24.0,SELL
1748886798000000000,AAPL,XNAS,0.9963328838348389,100,207.0,SELL
1748886840000000000,AAPL,XNAS,0.9959874749183655,100,241.0,SELL
1748886844000000000,AAPL,XNAS,0.9956647753715515,100,376.0,BUY
1748886846000000000,AAPL,XNAS,0.9951065182685852,100,28.0,BUY
1748886849000000000,AAPL,XNAS,0.9947152137756348,99,98.0,BUY
1748886865000000000,AAPL,XNAS,0.9943091869354248,99,2.0,BUY
1748886874000000000,AAPL,XNAS,0.9945766925811768,99,1.0,BUY
1748886887000000000,AAPL,XNAS,0.9940903186798096,99,10.0,SELL
1748886890000000000,AAPL,XNAS,0.9939403533935547,99,24.0,BUY
1748886906000000000,AAPL,XNAS,0.9935529828071594,99,21.0,SELL
1748886913000000000,AAPL,XNAS,0.9933121204376221,99,2.0,BUY
1748886923000000000,AAPL,XNAS,0.9936525821685791,99,7.0,BUY
1748886924000000000,AAPL,XNAS,0.9936525821685791,99,4.0,BUY
1748886925000000000,AAPL,XNAS,0.9936525821685791,99,5.0,SELL
1748886927000000000,AAPL,XNAS,0.993847131729126,99,2.0,BUY
1748886969000000000,AAPL,XNAS,0.9930863380432129,99,499.0,SELL
1748886985000000000,AAPL,XNAS,0.9929676055908203,99,61.0,SELL
1748887015000000000,AAPL,XNAS,0.9927560091018677,99,254.0,BUY
1748887016000000000,AAPL,XNAS,0.9927770495414734,99,90.0,SELL
1748887021000000000,AAPL,XNAS,0.992401123046875,99,221.0,SELL
1748887022000000000,AAPL,XNAS,0.9922420382499695,99,4.0,SELL
1748887027000000000,AAPL,XNAS,0.992144763469696,99,1.0,SELL
1748887031000000000,AAPL,XNAS,0.9924365878105164,99,75.0,SELL
1748887034000000000,AAPL,XNAS,0.9920474886894226,99,1.0,SELL
1748887036000000000,AAPL,XNAS,0.9918529391288757,99,1.0,BUY
1748887041000000000,AAPL,XNAS,0.9925338625907898,99,90.0,UNKNOWN
1748887045000000000,AAPL,XNAS,0.9929493069648743,99,85.0,BUY
1748887046000000000,AAPL,XNAS,0.9931175112724304,99,174.0,BUY
1748887064000000000,AAPL,XNAS,0.9924365878105164,99,20.0,UNKNOWN
1748887074000000000,AAPL,XNAS,0.9919988512992859,99,2.0,SELL
1748887105000000000,AAPL,XNAS,0.9926508069038391,99,334.0,BUY
1748887110000000000,AAPL,XNAS,0.9927770495414734,99,8.0,BUY
1748887112000000000,AAPL,XNAS,0.9927770495414734,99,22.0,BUY
1748887113000000000,AAPL,XNAS,0.9928743243217468,99,2.0,SELL
1748887120000000000,AAPL,XNAS,0.9926311373710632,99,32.0,SELL
1748887124000000000,AAPL,XNAS,0.9930688738822937,99,1.0,BUY
1748887129000000000,AAPL,XNAS,0.9929715991020203,99,21.0,BUY
1748887140000000000,AAPL,XNAS,0.992122232913971,99,307.0,BUY
1748887163000000000,AAPL,XNAS,0.9928889274597168,99,310.0,SELL
1748887167000000000,AAPL,XNAS,0.9928839802742004,99,151.0,BUY
1748887173000000000,AAPL,XNAS,0.9933324456214905,99,134.0,SELL
1748887181000000000,AAPL,XNAS,0.9938445091247559,99,206.0,BUY
1748887185000000000,AAPL,XNAS,0.9941389560699463,99,1.0,BUY
1748887191000000000,AAPL,XNAS,0.9941389560699463,99,3.0,BUY
1748887200000000000,AAPL,XNAS,1.0015778541564941,100,1.0,BUY
1748887224000000000,AAPL,XNAS,1.0010688304901123,100,400.0,BUY
1748887248000000000,AAPL,XNAS,1.0009925365447998,100,40.0,SELL
1748887270000000000,AAPL,XNAS,1.0008652210235596,100,100.0,BUY
1748887271000000000,AAPL,XNAS,1.000967025756836,100,1.0,BUY
1748887306000000000,AAPL,XNAS,1.000451683998108,100,801.0,BUY
1748887318000000000,AAPL,XNAS,1.0000509023666382,100,53.0,SELL
1748887321000000000,AAPL,XNAS,0.9998981952667236,100,100.0,SELL
1748887324000000000,AAPL,XNAS,0.9998981952667236,100,100.0,BUY
1748887331000000000,AAPL,XNAS,0.9999154806137085,100,59.0,BUY
1748887346000000000,AAPL,XNAS,1.0001380443572998,100,243.0,SELL
1748887425000000000,AAPL,XNAS,0.9998472929000854,100,2.0,SELL
1748887426000000000,AAPL,XNAS,0.9998472929000854,100,98.0,SELL
1748887435000000000,AAPL,XNAS,0.9998472929000854,100,2.0,SELL
1748887446000000000,AAPL,XNAS,0.9998006224632263,100,218.0,SELL
1748887450000000000,AAPL,XNAS,0.9997963905334473,100,8.0,SELL
1748887498000000000,AAPL,XNAS,0.9997963905334473,100,32.0,BUY
1748887527000000000,AAPL,XNAS,1.0002403259277344,100,72.0,BUY
1748887531000000000,AAPL,XNAS,1.0002305507659912,100,85.0,BUY
1748887555000000000,AAPL,XNAS,1.0003951787948608,100,38.0,SELL
1748887610000000000,AAPL,XNAS,1.000980257987976,100,100.0,BUY
1748887628000000000,AAPL,XNAS,1.001272439956665,100,3.0,BUY
1748887635000000000,AAPL,XNAS,1.0014760494232178,100,121.0,BUY
1748887639000000000,AAPL,XNAS,1.0016627311706543,100,3.0,BUY
1748887644000000000,AAPL,XNAS,1.001882791519165,100,106.0,BUY
1748887645000000000,AAPL,XNAS,1.0020359754562378,100,1.0,BUY
1748887682000000000,AAPL,XNAS,1.0022618770599365,100,100.0,BUY
1748887683000000000,AAPL,XNAS,1.0024430751800537,100,1.0,BUY
1748887728000000000,AAPL,XNAS,1.002493977546692,100,3.0,BUY
1748887739000000000,AAPL,XNAS,1.0023962259292603,100,203.0,BUY
1748887740000000000,AAPL,XNAS,1.00254487991333,100,137.0,BUY
1748887828000000000,AAPL,XNAS,0.9967621564865112,100,2.0,BUY
1748887861000000000,AAPL,XNAS,0.9957993030548096,100,110.0,SELL
1748887875000000000,AAPL,XNAS,0.9949164390563965,99,340.0,SELL
1748887891000000000,AAPL,XNAS,0.9944023489952087,99,20.0,SELL
1748887939000000000,AAPL,XNAS,0.9944265484809875,99,542.0,BUY
1748887940000000000,AAPL,XNAS,0.9937438368797302,99,100.0,BUY
1748887942000000000,AAPL,XNAS,0.9939032793045044,99,202.0,BUY
1748887943000000000,AAPL,XNAS,0.9937438368797302,99,100.0,BUY
1748887947000000000,AAPL,XNAS,0.9949265122413635,99,808.0,SELL
1748887984000000000,AAPL,XNAS,0.9969037175178528,100,214.0,BUY
1748888072000000000,AAPL,XNAS,0.9968170523643494,100,2.0,SELL
1748888075000000000,AAPL,XNAS,0.9968170523643494,100,100.0,BUY
1748888133000000000,AAPL,XNAS,0.9959938526153564,100,1.0,UNKNOWN
1748888181000000000,AAPL,XNAS,0.994065523147583,99,905.0,SELL
1748888198000000000,AAPL,XNAS,0.9936478137969971,99,400.0,SELL
1748888200000000000,AAPL,XNAS,0.9937438368797302,99,100.0,BUY
1748888201000000000,AAPL,XNAS,0.9933047890663147,99,3.0,SELL
1748888206000000000,AAPL,XNAS,0.9938004612922668,99,620.0,SELL
1748888219000000000,AAPL,XNAS,0.9937438368797302,99,303.0,SELL
1748888224000000000,AAPL,XNAS,0.9937438368797302,99,100.0,SELL
1748888233000000000,AAPL,XNAS,0.9946218729019165,99,100.0,BUY
1748888237000000000,AAPL,XNAS,0.9944023489952087,99,9.0,BUY
1748888243000000000,AAPL,XNAS,0.9937710165977478,99,202.0,SELL
1748888246000000000,AAPL,XNAS,0.9937438368797302,99,100.0,SELL
1748888251000000000,AAPL,XNAS,0.992938756942749,99,109.0,BUY
1748888314000000000,AAPL,XNAS,0.9936198592185974,99,433.0,BUY
1748888318000000000,AAPL,XNAS,0.9930304288864136,99,1.0,UNKNOWN
1748888325000000000,AAPL,XNAS,0.9914389252662659,99,155.0,SELL
1748888365000000000,AAPL,XNAS,0.9904510974884033,99,4.0,SELL
1748888377000000000,AAPL,XNAS,0.9907255172729492,99,2.0,SELL
1748888412000000000,AAPL,XNAS,0.9988470673561096,100,9.0,SELL
1748888422000000000,AAPL,XNAS,0.9986998438835144,100,1.0,SELL
1748888423000000000,AAPL,XNAS,0.998465895652771,100,26.0,BUY
1748888449000000000,AAPL,XNAS,0.9980130195617676,100,4.0,SELL
1748888463000000000,AAPL,XNAS,0.9979639649391174,100,1.0,SELL
1748888479000000000,AAPL,XNAS,0.9978167414665222,100,1.0,SELL
1748888507000000000,AAPL,XNAS,0.998160183429718,100,1.0,BUY
1748888512000000000,AAPL,XNAS,0.9978167414665222,100,6.0,SELL
1748888600000000000,AAPL,XNAS,0.9979657530784607,100,82.0,SELL
1748888601000000000,AAPL,XNAS,0.998160183429718,100,7.0,SELL
1748888604000000000,AAPL,XNAS,0.9981111288070679,100,1.0,SELL
1748888615000000000,AAPL,XNAS,0.9983073472976685,100,101.0,SELL
1748888641000000000,AAPL,XNAS,0.9982582926750183,100,1.0,BUY
1748888690000000000,AAPL,XNAS,0.9979761838912964,100,4.0,BUY
1748888697000000000,AAPL,XNAS,0.998160183429718,100,3.0,BUY
1748888703000000000,AAPL,XNAS,0.9977707862854004,100,16.0,SELL
1748888707000000000,AAPL,XNAS,0.9980620741844177,100,20.0,BUY
1748888714000000000,AAPL,XNAS,0.9978167414665222,100,6.0,SELL
1748888715000000000,AAPL,XNAS,0.9977676868438721,100,185.0,BUY
1748888716000000000,AAPL,XNAS,0.9974732995033264,100,2.0,SELL
1748888717000000000,AAPL,XNAS,0.9974242448806763,100,10.0,SELL
1748888731000000000,AAPL,XNAS,0.9972770810127258,100,3.0,BUY
1748888793000000000,AAPL,XNAS,0.997326135635376,100,1.0,SELL
1748888798000000000,AAPL,XNAS,0.997326135635376,100,1.0,SELL
1748888846000000000,AAPL,XNAS,0.9973751902580261,100,8.0,SELL
1748888856000000000,AAPL,XNAS,0.9973751902580261,100,10.0,SELL
1748888871000000000,AAPL,XNAS,0.9977725744247437,100,80.0,SELL
1748888872000000000,AAPL,XNAS,0.9981517791748047,100,105.0,BUY
1748888879000000000,AAPL,XNAS,0.9982477426528931,100,153.0,SELL
1748888886000000000,AAPL,XNAS,0.9984017014503479,100,104.0,SELL
1748888907000000000,AAPL,XNAS,0.9988470673561096,100,91.0,BUY
1748888992000000000,AAPL,XNAS,0.9987488985061646,100,1.0,BUY
1748889022000000000,AAPL,XNAS,1.0007435083389282,100,400.0,SELL
1748889023000000000,AAPL,XNAS,1.0009441375732422,100,20.0,BUY
1748889036000000000,AAPL,XNAS,1.0008025169372559,100,1.0,SELL
1748889093000000000,AAPL,XNAS,1.0003776550292969,100,100.0,SELL
1748889101000000000,AAPL,XNAS,1.0001416206359863,100,6.0,SELL
1748889111000000000,AAPL,XNAS,1.000775694847107,100,187.0,SELL
1748889129000000000,AAPL,XNAS,0.9999290704727173,100,201.0,SELL
1748889161000000000,AAPL,XNAS,1.0006136894226074,100,2.0,BUY
1748889171000000000,AAPL,XNAS,1.00089693069458,100,88.0,BUY
1748889174000000000,AAPL,XNAS,1.0009913444519043,100,103.0,BUY
1748889175000000000,AAPL,XNAS,1.0009441375732422,100,4.0,BUY
1748889211000000000,AAPL,XNAS,1.0010076761245728,100,118.0,BUY
1748889228000000000,AAPL,XNAS,1.0011746883392334,100,207.0,BUY
1748889262000000000,AAPL,XNAS,1.0012273788452148,100,2.0,BUY
1748889281000000000,AAPL,XNAS,1.0011801719665527,100,13.0,BUY
1748889288000000000,AAPL,XNAS,1.0011329650878906,100,2.0,BUY
1748889312000000000,AAPL,XNAS,1.0009535551071167,100,80.0,BUY
1748889313000000000,AAPL,XNAS,1.000952959060669,100,246.0,SELL
1748889314000000000,AAPL,XNAS,1.000779151916504,100,202.0,SELL
1748889315000000000,AAPL,XNAS,1.0004048347473145,100,635.0,SELL
1748889316000000000,AAPL,XNAS,1.0002903938293457,100,118.0,SELL
1748889324000000000,AAPL,XNAS,1.0002832412719727,100,5.0,SELL
1748889325000000000,AAPL,XNAS,1.0002832412719727,100,3.0,SELL
1748889331000000000,AAPL,XNAS,1.0005192756652832,100,17.0,BUY
1748889343000000000,AAPL,XNAS,1.0006136894226074,100,4.0,BUY
1748889375000000000,AAPL,XNAS,0.9997343420982361,100,301.0,BUY
1748889377000000000,AAPL,XNAS,0.9992718696594238,100,264.0,SELL
1748889397000000000,AAPL,XNAS,0.998819887638092,100,9.0,BUY
1748889451000000000,AAPL,XNAS,0.9982534050941467,100,100.0,BUY
1748889460000000000,AAPL,XNAS,0.9984723925590515,100,310.0,SELL
1748889462000000000,AAPL,XNAS,0.9991507530212402,100,202.0,BUY
1748889525000000000,AAPL,XNAS,0.9992446899414062,100,200.0,SELL
1748889531000000000,AAPL,XNAS,0.9995279312133789,100,1.0,BUY
1748889559000000000,AAPL,XNAS,0.9988670945167542,100,4.0,SELL
1748889600000000000,AAPL,XNAS,0.999047040939331,100,59.0,SELL
1748889601000000000,AAPL,XNAS,0.9992425441741943,100,1.0,BUY
1748889602000000000,AAPL,XNAS,0.9992425441741943,100,1.0,BUY
1748889648000000000,AAPL,XNAS,0.9994902014732361,100,758.0,BUY
1748889653000000000,AAPL,XNAS,0.9991447925567627,100,12.0,SELL
1748889689000000000,AAPL,XNAS,0.9995357394218445,100,6.0,BUY
1748889714000000000,AAPL,XNAS,0.9995351433753967,100,431.0,BUY
1748889753000000000,AAPL,XNAS,0.9995789527893066,100,26.0,BUY
1748889773000000000,AAPL,XNAS,0.9995846152305603,100,451.0,UNKNOWN
1748889805000000000,AAPL,XNAS,0.999738335609436,100,351.0,BUY
1748889811000000000,AAPL,XNAS,0.9996797442436218,100,433.0,SELL
1748889812000000000,AAPL,XNAS,0.9995958805084229,100,26.0,SELL
1748889814000000000,AAPL,XNAS,0.9994379878044128,100,200.0,BUY
1748889846000000000,AAPL,XNAS,0.9993402361869812,100,1.0,SELL
1748889907000000000,AAPL,XNAS,0.999389111995697,100,1.0,SELL
1748889973000000000,AAPL,XNAS,0.999389111995697,100,2.0,SELL
1748889975000000000,AAPL,XNAS,0.9995846152305603,100,5.0,BUY
1748890029000000000,AAPL,XNAS,0.999389111995697,100,1.0,BUY
1748890090000000000,AAPL,XNAS,0.999389111995697,100,1.0,SELL
1748890097000000000,AAPL,XNAS,0.9991936683654785,100,399.0,SELL
1748890155000000000,AAPL,XNAS,0.9992913603782654,100,1.0,SELL
1748890161000000000,AAPL,XNAS,0.9993523955345154,100,422.0,SELL
1748890162000000000,AAPL,XNAS,0.9996930360794067,100,1128.0,BUY
1748890163000000000,AAPL,XNAS,0.9995357394218445,100,20.0,SELL
1748890164000000000,AAPL,XNAS,0.9997800588607788,100,110.0,BUY
1748890185000000000,AAPL,XNAS,0.9997800588607788,100,575.0,SELL
1748890203000000000,AAPL,XNAS,0.9991707801818848,100,20.0,SELL
1748890215000000000,AAPL,XNAS,0.9991189241409302,100,23.0,SELL
1748890223000000000,AAPL,XNAS,0.999326229095459,100,100.0,SELL
1748890229000000000,AAPL,XNAS,0.9991707801818848,100,100.0,SELL
1748890243000000000,AAPL,XNAS,0.9993953704833984,100,3.0,BUY
1748890244000000000,AAPL,XNAS,0.9995335340499878,100,4.0,BUY
1748890247000000000,AAPL,XNAS,0.9993780851364136,100,3.0,SELL
1748890256000000000,AAPL,XNAS,0.9991707801818848,100,300.0,SELL
1748890259000000000,AAPL,XNAS,0.9992225766181946,100,100.0,SELL
1748890265000000000,AAPL,XNAS,0.9991544485092163,100,146.0,SELL
1748890267000000000,AAPL,XNAS,0.9991189241409302,100,7.0,SELL
1748890275000000000,AAPL,XNAS,0.9991189241409302,100,194.0,SELL
1748890276000000000,AAPL,XNAS,0.9989907145500183,100,135.0,BUY
1748890277000000000,AAPL,XNAS,0.9988598227500916,100,15.0,SELL
1748890279000000000,AAPL,XNAS,0.9987515211105347,100,334.0,SELL
1748890280000000000,AAPL,XNAS,0.9986525177955627,100,10.0,SELL
1748890283000000000,AAPL,XNAS,0.9985617995262146,100,44.0,SELL
1748890292000000000,AAPL,XNAS,0.9983933568000793,100,56.0,SELL
1748890295000000000,AAPL,XNAS,0.9985488653182983,100,1.0,SELL
1748890309000000000,AAPL,XNAS,0.9988880753517151,100,262.0,SELL
1748890340000000000,AAPL,XNAS,0.999174177646637,100,214.0,SELL
1748890381000000000,AAPL,XNAS,0.998963475227356,100,395.0,SELL
1748890382000000000,AAPL,XNAS,0.9991189241409302,100,200.0,UNKNOWN
1748890387000000000,AAPL,XNAS,0.9989116191864014,100,99.0,SELL
1748890388000000000,AAPL,XNAS,0.9990671277046204,100,1.0,SELL
1748890392000000000,AAPL,XNAS,0.9989116191864014,100,182.0,SELL
1748890396000000000,AAPL,XNAS,0.9988598227500916,100,200.0,SELL
1748890397000000000,AAPL,XNAS,0.9988598227500916,100,133.0,SELL
1748890408000000000,AAPL,XNAS,0.998807966709137,100,100.0,BUY
1748890421000000000,AAPL,XNAS,0.9984624981880188,100,300.0,SELL
1748890423000000000,AAPL,XNAS,0.9983933568000793,100,64.0,SELL
1748890426000000000,AAPL,XNAS,0.9983415603637695,100,30.0,SELL
1748890427000000000,AAPL,XNAS,0.9982897043228149,100,10.0,SELL
1748890433000000000,AAPL,XNAS,0.9982379078865051,100,40.0,SELL
1748890436000000000,AAPL,XNAS,0.9984970092773438,100,330.0,BUY
1748890437000000000,AAPL,XNAS,0.9983933568000793,100,1.0,SELL
1748890440000000000,AAPL,XNAS,0.9986006617546082,100,174.0,BUY
1748890441000000000,AAPL,XNAS,0.9986006617546082,100,129.0,BUY
1748890442000000000,AAPL,XNAS,0.9987043142318726,100,1.0,BUY
1748890474000000000,AAPL,XNAS,0.998494029045105,100,103.0,SELL
1748890479000000000,AAPL,XNAS,0.9982379078865051,100,140.0,SELL
1748890482000000000,AAPL,XNAS,0.9982379078865051,100,1.0,SELL
1748890488000000000,AAPL,XNAS,0.9982210397720337,100,369.0,SELL
1748890499000000000,AAPL,XNAS,0.9982897043228149,100,200.0,BUY
1748890520000000000,AAPL,XNAS,0.9980663657188416,100,437.0,SELL
1748890521000000000,AAPL,XNAS,0.9979787468910217,100,20.0,SELL
1748890522000000000,AAPL,XNAS,0.9979269504547119,100,11.0,SELL
1748890523000000000,AAPL,XNAS,0.9978544116020203,100,363.0,BUY
1748890524000000000,AAPL,XNAS,0.9976319074630737,100,130.0,SELL
1748890529000000000,AAPL,XNAS,0.9978740811347961,100,208.0,SELL
1748890532000000000,AAPL,XNAS,0.9978232979774475,100,15.0,BUY
1748890546000000000,AAPL,XNAS,0.9978750944137573,100,1.0,BUY
1748890551000000000,AAPL,XNAS,0.9980564713478088,100,400.0,SELL
1748890553000000000,AAPL,XNAS,0.9982383847236633,100,101.0,BUY
1748890554000000000,AAPL,XNAS,0.9983415603637695,100,100.0,BUY
1748890556000000000,AAPL,XNAS,0.9983415603637695,100,200.0,SELL
1748890557000000000,AAPL,XNAS,0.9982206225395203,100,300.0,SELL
1748890559000000000,AAPL,XNAS,0.9979609847068787,100,134.0,SELL
1748890590000000000,AAPL,XNAS,0.9978232979774475,100,134.0,SELL
1748890592000000000,AAPL,XNAS,0.9977196455001831,100,1.0,SELL
1748890599000000000,AAPL,XNAS,0.9976699352264404,100,359.0,SELL
1748890600000000000,AAPL,XNAS,0.9975641369819641,100,3.0,SELL
1748890601000000000,AAPL,XNAS,0.9975641369819641,100,37.0,SELL
1748890604000000000,AAPL,XNAS,0.9977714419364929,100,300.0,BUY
1748890605000000000,AAPL,XNAS,0.9977196455001831,100,20.0,BUY
1748890610000000000,AAPL,XNAS,0.9975122809410095,100,128.0,SELL
1748890617000000000,AAPL,XNAS,0.9975017309188843,100,147.0,SELL
1748890621000000000,AAPL,XNAS,0.9976652264595032,100,101.0,BUY
1748890622000000000,AAPL,XNAS,0.9976159334182739,100,1.0,SELL
1748890624000000000,AAPL,XNAS,0.9974604845046997,100,9.0,SELL
1748890634000000000,AAPL,XNAS,0.997486412525177,100,200.0,SELL
1748890636000000000,AAPL,XNAS,0.9977714419364929,100,400.0,BUY
1748890638000000000,AAPL,XNAS,0.9978750944137573,100,44.0,BUY
1748890639000000000,AAPL,XNAS,0.998002290725708,100,121.0,SELL
1748890648000000000,AAPL,XNAS,0.9980823993682861,100,101.0,SELL
1748890656000000000,AAPL,XNAS,0.9980823993682861,100,100.0,SELL
1748890680000000000,AAPL,XNAS,0.9979528188705444,100,2.0,SELL
1748890718000000000,AAPL,XNAS,0.9978994131088257,100,226.0,BUY
1748890720000000000,AAPL,XNAS,0.9977196455001831,100,4.0,SELL
1748890723000000000,AAPL,XNAS,0.9976653456687927,100,21.0,SELL
1748890748000000000,AAPL,XNAS,0.997928261756897,100,512.0,SELL
1748890750000000000,AAPL,XNAS,0.9981987476348877,100,401.0,SELL
1748890761000000000,AAPL,XNAS,0.9982120990753174,100,201.0,SELL
1748890767000000000,AAPL,XNAS,0.9977196455001831,100,1.0,SELL
1748890789000000000,AAPL,XNAS,0.9984452128410339,100,101.0,SELL
1748890790000000000,AAPL,XNAS,0.9986525177955627,100,100.0,BUY
1748890792000000000,AAPL,XNAS,0.9983933568000793,100,232.0,BUY
1748890803000000000,AAPL,XNAS,0.9994590282440186,100,201.0,SELL
1748890859000000000,AAPL,XNAS,0.9989524483680725,100,506.0,BUY
1748890868000000000,AAPL,XNAS,0.9989939332008362,100,166.0,SELL
1748890903000000000,AAPL,XNAS,0.9984262585639954,100,3.0,SELL
1748890914000000000,AAPL,XNAS,0.9984205365180969,100,99.0,SELL
1748890935000000000,AAPL,XNAS,0.9990786910057068,100,135.0,SELL
1748890936000000000,AAPL,XNAS,0.9993188381195068,100,100.0,SELL
1748891076000000000,AAPL,XNAS,0.9993658065795898,100,1.0,SELL
1748891208000000000,AAPL,XNAS,0.9990870952606201,100,119.0,SELL
1748891215000000000,AAPL,XNAS,0.99913090467453,100,90.0,SELL
1748891278000000000,AAPL,XNAS,0.9991233348846436,100,93.0,BUY
1748891284000000000,AAPL,XNAS,0.9984642863273621,100,100.0,SELL
1748891334000000000,AAPL,XNAS,0.999099612236023,100,120.0,BUY
1748891352000000000,AAPL,XNAS,0.9989429712295532,100,8.0,SELL
1748891430000000000,AAPL,XNAS,0.9992411136627197,100,10.0,SELL
1748891441000000000,AAPL,XNAS,0.9991692900657654,100,138.0,BUY
1748891460000000000,AAPL,XNAS,0.9981976747512817,100,28.0,BUY
1748891466000000000,AAPL,XNAS,0.9970119595527649,100,27.0,SELL
1748891482000000000,AAPL,XNAS,0.9977421164512634,100,253.0,BUY
1748891539000000000,AAPL,XNAS,0.9972481727600098,100,201.0,SELL
1748891555000000000,AAPL,XNAS,0.9979605674743652,100,102.0,BUY
1748891622000000000,AAPL,XNAS,0.9971792101860046,100,93.0,SELL
1748891683000000000,AAPL,XNAS,0.9970594048500061,100,1.0,SELL
1748891688000000000,AAPL,XNAS,0.9970539212226868,100,113.0,SELL
1748891715000000000,AAPL,XNAS,0.997286319732666,100,107.0,SELL
1748891825000000000,AAPL,XNAS,0.9985517263412476,100,252.0,SELL
1748891856000000000,AAPL,XNAS,0.9984341859817505,100,214.0,BUY
1748891909000000000,AAPL,XNAS,0.9977187514305115,100,102.0,BUY
1748891986000000000,AAPL,XNAS,0.9984190464019775,100,3.0,BUY
1748892008000000000,AAPL,XNAS,1.00005042552948,100,2.0,SELL
1748892063000000000,AAPL,XNAS,0.9997981190681458,100,478.0,SELL
1748892090000000000,AAPL,XNAS,1.0000807046890259,100,5.0,BUY
1748892101000000000,AAPL,XNAS,1.000252366065979,100,5.0,BUY
1748892159000000000,AAPL,XNAS,0.9998990297317505,100,127.0,BUY
1748892194000000000,AAPL,XNAS,0.9994505643844604,100,236.0,BUY
1748892195000000000,AAPL,XNAS,0.9995962381362915,100,1.0,BUY
1748892309000000000,AAPL,XNAS,0.9995457530021667,100,2.0,BUY
1748892315000000000,AAPL,XNAS,0.999747633934021,100,2.0,BUY
1748892326000000000,AAPL,XNAS,0.9993067383766174,100,53.0,SELL
1748892329000000000,AAPL,XNAS,0.9992933869361877,100,13.0,BUY
1748892402000000000,AAPL,XNAS,0.9995648264884949,100,529.0,SELL
1748892443000000000,AAPL,XNAS,1.00005042552948,100,3.0,BUY
1748892502000000000,AAPL,XNAS,1.00005042552948,100,3.0,BUY
1748892517000000000,AAPL,XNAS,0.9997332692146301,100,421.0,BUY
1748892521000000000,AAPL,XNAS,0.9992933869361877,100,1.0,BUY
1748892658000000000,AAPL,XNAS,1.0101027488708496,101,422.0,SELL
1748892659000000000,AAPL,XNAS,1.0109906196594238,101,101.0,SELL
1748892746000000000,AAPL,XNAS,1.0146808624267578,101,80.0,BUY
1748892763000000000,AAPL,XNAS,1.0143831968307495,101,300.0,BUY
1748892767000000000,AAPL,XNAS,1.0123404264450073,101,264.0,BUY
1748892835000000000,AAPL,XNAS,1.0095744132995605,101,201.0,BUY
1748892837000000000,AAPL,XNAS,1.0096276998519897,101,173.0,SELL
1748892865000000000,AAPL,XNAS,1.0096276998519897,101,117.0,SELL
1748892869000000000,AAPL,XNAS,1.0096276998519897,101,83.0,SELL
1748892932000000000,AAPL,XNAS,1.0107446908950806,101,69.0,SELL
1748892936000000000,AAPL,XNAS,1.0119681358337402,101,200.0,SELL
1748893041000000000,AAPL,XNAS,1.0110106468200684,101,402.0,BUY
1748893044000000000,AAPL,XNAS,1.0107446908950806,101,190.0,SELL
1748893109000000000,AAPL,XNAS,1.0094170570373535,101,202.0,SELL
1748893110000000000,AAPL,XNAS,1.0096276998519897,101,8.0,SELL
1748893149000000000,AAPL,XNAS,1.0084971189498901,101,590.0,BUY
1748893224000000000,AAPL,XNAS,0.9992064237594604,100,24.0,BUY
1748893244000000000,AAPL,XNAS,0.9990739226341248,100,338.0,SELL
1748893253000000000,AAPL,XNAS,0.9992576241493225,100,285.0,SELL
1748893300000000000,AAPL,XNAS,0.999616265296936,100,201.0,SELL
1748893304000000000,AAPL,XNAS,1.0000767707824707,100,1.0,SELL
1748893315000000000,AAPL,XNAS,1.0005375146865845,100,22.0,BUY
1748893364000000000,AAPL,XNAS,1.0009537935256958,100,115.0,SELL
1748893368000000000,AAPL,XNAS,1.0013567209243774,100,24.0,SELL
1748893372000000000,AAPL,XNAS,1.0013567209243774,100,1.0,SELL
1748893395000000000,AAPL,XNAS,1.001203179359436,100,300.0,SELL
1748893415000000000,AAPL,XNAS,1.0010924339294434,100,124.0,SELL
1748893434000000000,AAPL,XNAS,1.0009897947311401,100,240.0,SELL
1748893484000000000,AAPL,XNAS,1.0011519193649292,100,100.0,SELL
1748893488000000000,AAPL,XNAS,1.0014591217041016,100,100.0,SELL
1748893527000000000,AAPL,XNAS,1.001715064048767,100,20.0,BUY
1748893529000000000,AAPL,XNAS,1.0015615224838257,100,146.0,BUY
1748893533000000000,AAPL,XNAS,1.0015615224838257,100,2.0,UNKNOWN
1748893539000000000,AAPL,XNAS,1.001868724822998,100,457.0,BUY
1748893570000000000,AAPL,XNAS,1.0016297101974487,100,232.0,BUY
1748893573000000000,AAPL,XNAS,1.0016639232635498,100,100.0,SELL
1748893621000000000,AAPL,XNAS,1.0016151666641235,100,21.0,SELL
1748893622000000000,AAPL,XNAS,1.0015102624893188,100,160.0,SELL
1748893650000000000,AAPL,XNAS,1.0015615224838257,100,2.0,SELL
1748893654000000000,AAPL,XNAS,1.0015615224838257,100,1.0,SELL
1748893655000000000,AAPL,XNAS,1.0015615224838257,100,2.0,SELL
1748893664000000000,AAPL,XNAS,1.0016639232635498,100,2.0,BUY
1748893674000000000,AAPL,XNAS,1.0018174648284912,100,7.0,BUY
1748893678000000000,AAPL,XNAS,1.0018174648284912,100,103.0,BUY
1748893686000000000,AAPL,XNAS,1.0020222663879395,100,3.0,BUY
1748893724000000000,AAPL,XNAS,1.001983642578125,100,401.0,SELL
1748893730000000000,AAPL,XNAS,1.0021246671676636,100,2.0,BUY
1748893746000000000,AAPL,XNAS,1.0018174648284912,100,358.0,BUY
1748893755000000000,AAPL,XNAS,1.0015615224838257,100,20.0,SELL
1748893757000000000,AAPL,XNAS,1.0018174648284912,100,100.0,BUY
1748893773000000000,AAPL,XNAS,1.001868724822998,100,249.0,SELL
1748893800000000000,AAPL,XNAS,1.000299334526062,100,250.0,SELL
1748893804000000000,AAPL,XNAS,1.0005611181259155,100,102.0,BUY
1748893812000000000,AAPL,XNAS,0.9992043375968933,100,778.0,BUY
1748893813000000000,AAPL,XNAS,0.9991114735603333,100,241.0,SELL
1748893848000000000,AAPL,XNAS,0.9990179538726807,100,2.0,SELL
1748893862000000000,AAPL,XNAS,0.9990300536155701,100,108.0,SELL
1748893866000000000,AAPL,XNAS,0.9993920922279358,100,101.0,BUY
1748893902000000000,AAPL,XNAS,0.999579131603241,100,5.0,BUY
1748893930000000000,AAPL,XNAS,0.9997915625572205,100,166.0,BUY
1748893943000000000,AAPL,XNAS,0.9995323419570923,100,1.0,SELL
1748893944000000000,AAPL,XNAS,0.9995323419570923,100,1.0,SELL
1748893968000000000,AAPL,XNAS,0.9990647435188293,100,7.0,SELL
1748893969000000000,AAPL,XNAS,0.9997194409370422,100,104.0,BUY
1748893970000000000,AAPL,XNAS,0.9997661709785461,100,100.0,BUY
1748893989000000000,AAPL,XNAS,0.9993920922279358,100,1.0,SELL
1748894022000000000,AAPL,XNAS,0.9993920922279358,100,1.0,SELL
1748894041000000000,AAPL,XNAS,0.9997661709785461,100,103.0,BUY
1748894042000000000,AAPL,XNAS,0.9999616742134094,100,111.0,BUY
1748894049000000000,AAPL,XNAS,0.9996258616447449,100,1.0,BUY
1748894077000000000,AAPL,XNAS,0.9996258616447449,100,1.0,BUY
1748894084000000000,AAPL,XNAS,1.0004292726516724,100,416.0,SELL
1748894123000000000,AAPL,XNAS,1.0005611181259155,100,1.0,BUY
1748894127000000000,AAPL,XNAS,1.0005611181259155,100,1.0,BUY
1748894138000000000,AAPL,XNAS,1.0005611181259155,100,1.0,BUY
1748894150000000000,AAPL,XNAS,1.0007950067520142,100,23.0,BUY
1748894151000000000,AAPL,XNAS,1.0009862184524536,100,235.0,BUY
1748894152000000000,AAPL,XNAS,1.0011690855026245,100,5.0,BUY
1748894168000000000,AAPL,XNAS,1.0010287761688232,100,2.0,BUY
1748894181000000000,AAPL,XNAS,1.0005611181259155,100,101.0,BUY
1748894244000000000,AAPL,XNAS,1.0007950067520142,100,4.0,SELL
1748894256000000000,AAPL,XNAS,1.000607967376709,100,1.0,SELL
1748894278000000000,AAPL,XNAS,1.0005611181259155,100,5.0,SELL
1748894290000000000,AAPL,XNAS,1.0007014274597168,100,1.0,SELL
1748894319000000000,AAPL,XNAS,1.0007014274597168,100,1.0,BUY
1748894363000000000,AAPL,XNAS,1.0007950067520142,100,1.0,SELL
1748894383000000000,AAPL,XNAS,1.0010756254196167,100,100.0,BUY
1748894398000000000,AAPL,XNAS,1.0005611181259155,100,103.0,SELL
1748894416000000000,AAPL,XNAS,0.996575117111206,100,3.0,SELL
1748894417000000000,AAPL,XNAS,0.996906042098999,100,232.0,BUY
1748894418000000000,AAPL,XNAS,0.9970678687095642,100,100.0,SELL
1748894421000000000,AAPL,XNAS,0.9967722296714783,100,99.0,BUY
1748894432000000000,AAPL,XNAS,0.9962794184684753,100,18.0,BUY
1748894475000000000,AAPL,XNAS,0.9962301254272461,100,1.0,UNKNOWN
1748894476000000000,AAPL,XNAS,0.9962301254272461,100,5.0,SELL
1748894477000000000,AAPL,XNAS,0.9962301254272461,100,6.0,SELL
1748894479000000000,AAPL,XNAS,0.9960330128669739,100,6.0,BUY
1748894486000000000,AAPL,XNAS,0.9960330128669739,100,1.0,BUY
1748894491000000000,AAPL,XNAS,0.9957373142242432,100,1.0,SELL
1748894502000000000,AAPL,XNAS,0.9956867694854736,100,304.0,SELL
1748894503000000000,AAPL,XNAS,0.9958359003067017,100,23.0,BUY
1748894504000000000,AAPL,XNAS,0.9958359003067017,100,1.0,BUY
1748894518000000000,AAPL,XNAS,0.9960823059082031,100,10.0,SELL
1748894532000000000,AAPL,XNAS,0.9961315989494324,100,100.0,SELL
1748894537000000000,AAPL,XNAS,0.9966243505477905,100,36.0,BUY
1748894538000000000,AAPL,XNAS,0.996870756149292,100,78.0,BUY
1748894552000000000,AAPL,XNAS,0.9968861937522888,100,457.0,SELL
1748894564000000000,AAPL,XNAS,0.9963779449462891,100,190.0,BUY
1748894577000000000,AAPL,XNAS,0.996722936630249,100,90.0,SELL
1748894597000000000,AAPL,XNAS,0.997018575668335,100,2.0,SELL
1748894619000000000,AAPL,XNAS,0.9974079132080078,100,408.0,SELL
1748894646000000000,AAPL,XNAS,0.9979549050331116,100,7.0,BUY
1748894657000000000,AAPL,XNAS,0.9975606799125671,100,4.0,BUY
1748894658000000000,AAPL,XNAS,0.9972805380821228,100,146.0,SELL
1748894660000000000,AAPL,XNAS,0.9975113868713379,100,100.0,BUY
1748894666000000000,AAPL,XNAS,0.9978880882263184,100,211.0,BUY
1748894671000000000,AAPL,XNAS,0.9981200695037842,100,148.0,SELL
1748894682000000000,AAPL,XNAS,0.9978106617927551,100,123.0,BUY
1748894688000000000,AAPL,XNAS,0.9973546266555786,100,11.0,SELL
1748894690000000000,AAPL,XNAS,0.9972649812698364,100,3.0,SELL
1748894692000000000,AAPL,XNAS,0.9971664547920227,100,1.0,SELL
1748894698000000000,AAPL,XNAS,0.9969857335090637,100,3.0,SELL
1748894703000000000,AAPL,XNAS,0.9969010949134827,100,13.0,BUY
1748894708000000000,AAPL,XNAS,0.9966620802879333,100,17.0,SELL
1748894711000000000,AAPL,XNAS,0.9968979954719543,100,105.0,BUY
1748894715000000000,AAPL,XNAS,0.9961315989494324,100,2.0,SELL
1748894717000000000,AAPL,XNAS,0.9962794184684753,100,4.0,UNKNOWN
1748894729000000000,AAPL,XNAS,0.9960823059082031,100,25.0,BUY
1748894730000000000,AAPL,XNAS,0.9962301254272461,100,200.0,SELL
1748894741000000000,AAPL,XNAS,0.9961562156677246,100,4.0,BUY
1748894754000000000,AAPL,XNAS,0.9958316683769226,100,105.0,BUY
1748894755000000000,AAPL,XNAS,0.995533287525177,100,71.0,SELL
1748894756000000000,AAPL,XNAS,0.995392382144928,100,1.0,BUY
1748894757000000000,AAPL,XNAS,0.9949488639831543,99,189.0,SELL
1748894759000000000,AAPL,XNAS,0.9956091642379761,100,281.0,SELL
1748894776000000000,AAPL,XNAS,0.9963449239730835,100,298.0,BUY
1748894805000000000,AAPL,XNAS,0.9969200491905212,100,123.0,UNKNOWN
1748894809000000000,AAPL,XNAS,0.9973635673522949,100,100.0,BUY
1748894810000000000,AAPL,XNAS,0.9974128603935242,100,87.0,SELL
1748894836000000000,AAPL,XNAS,0.9981520175933838,100,30.0,BUY
1748894838000000000,AAPL,XNAS,0.99800705909729,100,102.0,BUY
1748894842000000000,AAPL,XNAS,0.9979056119918823,100,100.0,BUY
1748894851000000000,AAPL,XNAS,0.9970672130584717,100,151.0,BUY
1748894862000000000,AAPL,XNAS,0.9967671036720276,100,29.0,BUY
1748894864000000000,AAPL,XNAS,0.9965011477470398,100,2.0,SELL
1748894882000000000,AAPL,XNAS,0.996722936630249,100,20.0,SELL
1748894890000000000,AAPL,XNAS,0.9963040351867676,100,2.0,SELL
1748894897000000000,AAPL,XNAS,0.9964272379875183,100,2.0,BUY
1748894909000000000,AAPL,XNAS,0.9959839582443237,100,213.0,SELL
1748894911000000000,AAPL,XNAS,0.9962256550788879,100,220.0,SELL
1748894915000000000,AAPL,XNAS,0.996722936630249,100,100.0,SELL
1748894921000000000,AAPL,XNAS,0.9975360631942749,100,200.0,BUY
1748894931000000000,AAPL,XNAS,0.9974128603935242,100,7.0,BUY
1748894938000000000,AAPL,XNAS,0.9969693422317505,100,6.0,BUY
1748894955000000000,AAPL,XNAS,0.9960823059082031,100,1.0,SELL
1748894956000000000,AAPL,XNAS,0.9960823059082031,100,5.0,SELL
1748894957000000000,AAPL,XNAS,0.9960823059082031,100,2.0,SELL
1748894966000000000,AAPL,XNAS,0.9959344863891602,100,2.0,SELL
1748894970000000000,AAPL,XNAS,0.9961898326873779,100,220.0,SELL
1748894974000000000,AAPL,XNAS,0.996722936630249,100,100.0,SELL
1748894993000000000,AAPL,XNAS,0.9969730973243713,100,130.0,SELL
1748895018000000000,AAPL,XNAS,1.0020298957824707,100,395.0,BUY
1748895061000000000,AAPL,XNAS,0.9993056058883667,100,65.0,BUY
1748895146000000000,AAPL,XNAS,1.0001094341278076,100,15.0,BUY
1748895230000000000,AAPL,XNAS,0.999756395816803,100,221.0,SELL
1748895246000000000,AAPL,XNAS,1.001592755317688,100,255.0,SELL
1748895299000000000,AAPL,XNAS,1.0018600225448608,100,300.0,SELL
1748895437000000000,AAPL,XNAS,1.0009300708770752,100,200.0,SELL
1748895438000000000,AAPL,XNAS,1.0001094341278076,100,127.0,BUY
1748895492000000000,AAPL,XNAS,1.001007318496704,100,51.0,BUY
1748895518000000000,AAPL,XNAS,0.9994438290596008,100,120.0,SELL
1748895574000000000,AAPL,XNAS,1.0012378692626953,100,421.0,BUY
1748895678000000000,AAPL,XNAS,1.001379132270813,100,309.0,BUY
1748895728000000000,AAPL,XNAS,1.0004972219467163,100,203.0,SELL
1748895745000000000,AAPL,XNAS,1.0002497434616089,100,62.0,SELL
1748895777000000000,AAPL,XNAS,1.0003485679626465,100,1.0,SELL
1748895814000000000,AAPL,XNAS,0.9998080730438232,100,110.0,BUY
1748895878000000000,AAPL,XNAS,0.9998506307601929,100,100.0,SELL
1748895886000000000,AAPL,XNAS,0.9992531538009644,100,2.0,SELL
1748895934000000000,AAPL,XNAS,0.9987363815307617,100,410.0,BUY
1748895935000000000,AAPL,XNAS,0.9982573390007019,100,61.0,SELL
1748895957000000000,AAPL,XNAS,0.9975602626800537,100,3.0,SELL
1748895969000000000,AAPL,XNAS,0.9974108934402466,100,4.0,SELL
1748895973000000000,AAPL,XNAS,0.9975602626800537,100,1.0,SELL
1748895994000000000,AAPL,XNAS,0.9979586005210876,100,1.0,BUY
1748896031000000000,AAPL,XNAS,0.9975104331970215,100,4.0,SELL
1748896060000000000,AAPL,XNAS,0.9976598024368286,100,1.0,SELL
1748896074000000000,AAPL,XNAS,0.9976681470870972,100,6.0,SELL
1748896120000000000,AAPL,XNAS,0.998714029788971,100,29.0,BUY
1748896121000000000,AAPL,XNAS,0.9988548159599304,100,125.0,SELL
1748896146000000000,AAPL,XNAS,0.9986058473587036,100,200.0,BUY
1748896155000000000,AAPL,XNAS,0.9979586005210876,100,3.0,SELL
1748896164000000000,AAPL,XNAS,0.9983071088790894,100,55.0,SELL
