ts_ns,symbol,venue,price,price_ticks,size,aggressor_side
1749564007000000000,AAPL,XNAS,1.0006399154663086,100,20.0,BUY
1749564026000000000,AAPL,XNAS,1.0005251169204712,100,9.0,BUY
1749564056000000000,AAPL,XNAS,1.0010887384414673,100,206.0,SELL
1749564102000000000,AAPL,XNAS,1.001772165298462,100,135.0,SELL
1749564104000000000,AAPL,XNAS,1.0013620853424072,100,303.0,SELL
1749564131000000000,AAPL,XNAS,1.0013291835784912,100,4.0,SELL
1749564162000000000,AAPL,XNAS,1.0014147758483887,100,158.0,SELL
1749564170000000000,AAPL,XNAS,1.0014798641204834,100,114.0,SELL
1749564180000000000,AAPL,XNAS,1.001772165298462,100,55.0,BUY
1749564279000000000,AAPL,XNAS,1.0010979175567627,100,596.0,BUY
1749564289000000000,AAPL,XNAS,1.0010337829589844,100,2.0,SELL
1749564327000000000,AAPL,XNAS,1.000491976737976,100,471.0,BUY
1749564339000000000,AAPL,XNAS,1.000196933746338,100,1.0,SELL
1749564342000000000,AAPL,XNAS,0.9994698762893677,100,104.0,BUY
1749564343000000000,AAPL,XNAS,0.9989662170410156,100,1.0,SELL
1749564366000000000,AAPL,XNAS,0.9986216425895691,100,1.0,SELL
1749564399000000000,AAPL,XNAS,0.9984247088432312,100,30.0,SELL
1749564442000000000,AAPL,XNAS,0.9991631507873535,100,100.0,BUY
1749564498000000000,AAPL,XNAS,0.999212384223938,100,80.0,SELL
1749564507000000000,AAPL,XNAS,0.9996640682220459,100,493.0,BUY
1749564508000000000,AAPL,XNAS,1.0000429153442383,100,179.0,SELL
1749564542000000000,AAPL,XNAS,0.9998756647109985,100,190.0,SELL
1749564600000000000,AAPL,XNAS,0.9974278807640076,100,275.0,BUY
1749564603000000000,AAPL,XNAS,0.9975590705871582,100,152.0,BUY
1749564605000000000,AAPL,XNAS,0.9971849322319031,100,590.0,BUY
1749564607000000000,AAPL,XNAS,0.9966868758201599,100,101.0,SELL
1749564618000000000,AAPL,XNAS,0.9965896606445312,100,1.0,SELL
1749564677000000000,AAPL,XNAS,0.9976604580879211,100,279.0,SELL
1749564678000000000,AAPL,XNAS,0.9977022409439087,100,1.0,SELL
1749564705000000000,AAPL,XNAS,0.9978957772254944,100,20.0,BUY
1749564724000000000,AAPL,XNAS,0.9982343912124634,100,1.0,BUY
1749564728000000000,AAPL,XNAS,0.997660219669342,100,322.0,SELL
1749564770000000000,AAPL,XNAS,0.9979441165924072,100,20.0,SELL
1749564786000000000,AAPL,XNAS,0.9975571632385254,100,64.0,SELL
1749564787000000000,AAPL,XNAS,0.9974848031997681,100,337.0,SELL
1749564874000000000,AAPL,XNAS,0.9980892539024353,100,1.0,SELL
1749564902000000000,AAPL,XNAS,0.9986697435379028,100,100.0,BUY
1749564941000000000,AAPL,XNAS,0.998475968837738,100,201.0,SELL
1749564942000000000,AAPL,XNAS,0.9982101917266846,100,200.0,SELL
1749564949000000000,AAPL,XNAS,0.9981134533882141,100,200.0,BUY
1749564970000000000,AAPL,XNAS,0.9977169632911682,100,230.0,BUY
1749565072000000000,AAPL,XNAS,0.9977989792823792,100,19.0,SELL
1749565088000000000,AAPL,XNAS,0.9976100921630859,100,21.0,BUY
1749565122000000000,AAPL,XNAS,0.9972308278083801,100,134.0,SELL
1749565125000000000,AAPL,XNAS,0.9971699118614197,100,201.0,BUY
1749565159000000000,AAPL,XNAS,0.9973394870758057,100,650.0,SELL
1749565200000000000,AAPL,XNAS,0.9985035061836243,100,195.0,BUY
1749565201000000000,AAPL,XNAS,0.9980732202529907,100,214.0,SELL
1749565206000000000,AAPL,XNAS,0.998081386089325,100,43.0,SELL
1749565213000000000,AAPL,XNAS,0.9991050958633423,100,9.0,BUY
1749565214000000000,AAPL,XNAS,0.9995041489601135,100,4.0,BUY
1749565231000000000,AAPL,XNAS,0.9991050958633423,100,11.0,BUY
1749565242000000000,AAPL,XNAS,0.9994437098503113,100,35.0,SELL
1749565254000000000,AAPL,XNAS,0.999783992767334,100,114.0,SELL
1749565259000000000,AAPL,XNAS,1.0000245571136475,100,115.0,BUY
1749565260000000000,AAPL,XNAS,0.9998790621757507,100,3.0,SELL
1749565265000000000,AAPL,XNAS,1.000169277191162,100,4.0,BUY
1749565276000000000,AAPL,XNAS,0.9998790621757507,100,100.0,SELL
1749565283000000000,AAPL,XNAS,0.9995404481887817,100,201.0,SELL
1749565288000000000,AAPL,XNAS,0.9995404481887817,100,562.0,BUY
1749565291000000000,AAPL,XNAS,0.9990566968917847,100,255.0,BUY
1749565294000000000,AAPL,XNAS,0.9988148212432861,100,1.0,BUY
1749565302000000000,AAPL,XNAS,0.9978473782539368,100,23.0,SELL
1749565305000000000,AAPL,XNAS,0.9978473782539368,100,177.0,SELL
1749565309000000000,AAPL,XNAS,0.9978473782539368,100,6.0,SELL
1749565313000000000,AAPL,XNAS,0.9978454113006592,100,195.0,BUY
1749565315000000000,AAPL,XNAS,0.9974124431610107,100,121.0,SELL
1749565335000000000,AAPL,XNAS,0.9976055026054382,100,10.0,SELL
1749565339000000000,AAPL,XNAS,0.9978473782539368,100,5.0,SELL
1749565344000000000,AAPL,XNAS,0.9980892539024353,100,29.0,BUY
1749565351000000000,AAPL,XNAS,0.9982669949531555,100,46.0,SELL
1749565354000000000,AAPL,XNAS,0.9984317421913147,100,25.0,SELL
1749565368000000000,AAPL,XNAS,0.9987180829048157,100,49.0,BUY
1749565379000000000,AAPL,XNAS,0.9978957772254944,100,10.0,BUY
1749565381000000000,AAPL,XNAS,0.9978473782539368,100,2.0,BUY
1749565382000000000,AAPL,XNAS,0.9974541068077087,100,769.0,SELL
1749565395000000000,AAPL,XNAS,0.9976871609687805,100,449.0,BUY
1749565412000000000,AAPL,XNAS,0.9972668886184692,100,42.0,SELL
1749565415000000000,AAPL,XNAS,0.9969282746315002,100,200.0,UNKNOWN
1749565416000000000,AAPL,XNAS,0.9966863989830017,100,6.0,SELL
1749565421000000000,AAPL,XNAS,0.9966863989830017,100,401.0,BUY
1749565423000000000,AAPL,XNAS,0.9963091015815735,100,500.0,BUY
1749565440000000000,AAPL,XNAS,0.9957189559936523,100,7.0,BUY
1749565451000000000,AAPL,XNAS,0.9952836036682129,100,90.0,BUY
1749565453000000000,AAPL,XNAS,0.9947726726531982,99,269.0,BUY
1749565454000000000,AAPL,XNAS,0.9947496056556702,99,178.0,BUY
1749565455000000000,AAPL,XNAS,0.9949449896812439,99,14.0,BUY
1749565473000000000,AAPL,XNAS,0.9940742254257202,99,100.0,SELL
1749565478000000000,AAPL,XNAS,0.9938324093818665,99,200.0,SELL
1749565481000000000,AAPL,XNAS,0.9933002591133118,99,66.0,SELL
1749565482000000000,AAPL,XNAS,0.9932196736335754,99,300.0,BUY
1749565485000000000,AAPL,XNAS,0.9931067824363708,99,5.0,SELL
1749565495000000000,AAPL,XNAS,0.9938061237335205,99,350.0,SELL
1749565538000000000,AAPL,XNAS,0.9937498569488525,99,167.0,SELL
1749565539000000000,AAPL,XNAS,0.9942193627357483,99,1.0,BUY
1749565548000000000,AAPL,XNAS,0.9943645000457764,99,10.0,BUY
1749565550000000000,AAPL,XNAS,0.9945579767227173,99,4.0,BUY
1749565557000000000,AAPL,XNAS,0.9947754740715027,99,113.0,BUY
1749565558000000000,AAPL,XNAS,0.9949449896812439,99,2.0,BUY
1749565564000000000,AAPL,XNAS,0.9945096373558044,99,1.0,SELL
1749565585000000000,AAPL,XNAS,0.9949230551719666,99,53.0,BUY
1749565586000000000,AAPL,XNAS,0.9949933290481567,99,29.0,BUY
1749565589000000000,AAPL,XNAS,0.9951384663581848,100,17.0,BUY
1749565602000000000,AAPL,XNAS,0.9954882264137268,100,312.0,SELL
1749565620000000000,AAPL,XNAS,0.9958156943321228,100,100.0,BUY
1749565624000000000,AAPL,XNAS,0.9958733916282654,100,156.0,BUY
1749565626000000000,AAPL,XNAS,0.9960091710090637,100,4.0,SELL
1749565627000000000,AAPL,XNAS,0.9965896606445312,100,111.0,SELL
1749565628000000000,AAPL,XNAS,0.9965896606445312,100,2.0,BUY
1749565631000000000,AAPL,XNAS,0.9962027072906494,100,1.0,SELL
1749565635000000000,AAPL,XNAS,0.9962431788444519,100,841.0,BUY
1749565639000000000,AAPL,XNAS,0.9958640933036804,100,9.0,SELL
1749565641000000000,AAPL,XNAS,0.9956383109092712,100,36.0,BUY
1749565646000000000,AAPL,XNAS,0.9959124326705933,100,139.0,BUY
1749565655000000000,AAPL,XNAS,0.9957672953605652,100,10.0,BUY
1749565656000000000,AAPL,XNAS,0.9959962368011475,100,41.0,BUY
1749565661000000000,AAPL,XNAS,0.9961543083190918,100,20.0,BUY
1749565664000000000,AAPL,XNAS,0.9962510466575623,100,4.0,SELL
1749565669000000000,AAPL,XNAS,0.9959836006164551,100,425.0,BUY
1749565719000000000,AAPL,XNAS,0.9951162338256836,100,455.0,BUY
1749565724000000000,AAPL,XNAS,0.9952352046966553,100,25.0,SELL
1749565742000000000,AAPL,XNAS,0.9953803420066833,100,2.0,BUY
1749565757000000000,AAPL,XNAS,0.9947504997253418,99,399.0,BUY
1749565760000000000,AAPL,XNAS,0.9940742254257202,99,100.0,BUY
1749565777000000000,AAPL,XNAS,0.9932531714439392,99,195.0,BUY
1749565800000000000,AAPL,XNAS,0.9997442364692688,100,20.0,BUY
1749565816000000000,AAPL,XNAS,0.9998209476470947,100,12.0,BUY
1749565857000000000,AAPL,XNAS,0.9997442364692688,100,2.0,BUY
1749565862000000000,AAPL,XNAS,1.0001205205917358,100,353.0,BUY
1749565883000000000,AAPL,XNAS,1.0002046823501587,100,1.0,BUY
1749565894000000000,AAPL,XNAS,1.0002046823501587,100,1.0,BUY
1749565911000000000,AAPL,XNAS,1.0001022815704346,100,3.0,SELL
1749565914000000000,AAPL,XNAS,1.0001022815704346,100,45.0,SELL
1749565944000000000,AAPL,XNAS,1.0005115270614624,100,4.0,BUY
1749565950000000000,AAPL,XNAS,1.0006650686264038,100,5.0,BUY
1749565962000000000,AAPL,XNAS,1.0003581047058105,100,100.0,SELL
1749565964000000000,AAPL,XNAS,1.000255823135376,100,100.0,SELL
1749566034000000000,AAPL,XNAS,1.0004092454910278,100,3.0,BUY
1749566081000000000,AAPL,XNAS,1.0004603862762451,100,1.0,BUY
1749566092000000000,AAPL,XNAS,1.0004092454910278,100,3.0,SELL
1749566098000000000,AAPL,XNAS,1.0006139278411865,100,19.0,BUY
1749566110000000000,AAPL,XNAS,1.0006650686264038,100,22.0,BUY
1749566138000000000,AAPL,XNAS,1.0008094310760498,100,113.0,BUY
1749566176000000000,AAPL,XNAS,1.0009719133377075,100,12.0,BUY
1749566190000000000,AAPL,XNAS,1.0009719133377075,100,17.0,BUY
1749566191000000000,AAPL,XNAS,1.0010414123535156,100,168.0,BUY
1749566193000000000,AAPL,XNAS,1.0008684396743774,100,209.0,BUY
1749566194000000000,AAPL,XNAS,1.000869631767273,100,101.0,UNKNOWN
1749566195000000000,AAPL,XNAS,1.0007673501968384,100,7.0,SELL
1749566274000000000,AAPL,XNAS,1.0010743141174316,100,6.0,BUY
1749566306000000000,AAPL,XNAS,1.001330018043518,100,3.0,SELL
1749566313000000000,AAPL,XNAS,1.0011765956878662,100,102.0,BUY
1749566360000000000,AAPL,XNAS,1.0009199380874634,100,631.0,BUY
1749566392000000000,AAPL,XNAS,1.0009207725524902,100,1.0,BUY
1749566416000000000,AAPL,XNAS,1.0001797676086426,100,13.0,SELL
1749566422000000000,AAPL,XNAS,1.0000770092010498,100,2.0,SELL
1749566442000000000,AAPL,XNAS,0.9999743103981018,100,6.0,SELL
1749566481000000000,AAPL,XNAS,1.0000324249267578,100,23.0,SELL
1749566515000000000,AAPL,XNAS,1.0001283884048462,100,1.0,BUY
1749566533000000000,AAPL,XNAS,0.9998202323913574,100,207.0,BUY
1749566567000000000,AAPL,XNAS,0.9995633363723755,100,20.0,SELL
1749566579000000000,AAPL,XNAS,0.9995899796485901,100,27.0,SELL
1749566584000000000,AAPL,XNAS,0.9996660947799683,100,10.0,SELL
1749566597000000000,AAPL,XNAS,0.9996147155761719,100,23.0,SELL
1749566611000000000,AAPL,XNAS,0.999768853187561,100,1.0,BUY
1749566627000000000,AAPL,XNAS,0.9996147155761719,100,12.0,SELL
1749566657000000000,AAPL,XNAS,0.999768853187561,100,2.0,BUY
1749566689000000000,AAPL,XNAS,1.0000137090682983,100,215.0,BUY
1749566691000000000,AAPL,XNAS,1.0000256299972534,100,48.0,BUY
1749566717000000000,AAPL,XNAS,0.9996167421340942,100,101.0,SELL
1749566727000000000,AAPL,XNAS,0.9995119571685791,100,2.0,SELL
1749566746000000000,AAPL,XNAS,0.9994606375694275,100,5.0,SELL
1749566751000000000,AAPL,XNAS,0.9993643760681152,100,79.0,SELL
1749566776000000000,AAPL,XNAS,0.9992551207542419,100,2.0,SELL
1749566780000000000,AAPL,XNAS,0.9993578791618347,100,2.0,SELL
1749566782000000000,AAPL,XNAS,0.9992551207542419,100,7.0,SELL
1749566784000000000,AAPL,XNAS,0.9992037415504456,100,6.0,SELL
1749566802000000000,AAPL,XNAS,0.9994606375694275,100,123.0,BUY
1749566843000000000,AAPL,XNAS,0.9996660947799683,100,166.0,SELL
1749566844000000000,AAPL,XNAS,0.9998921155929565,100,10.0,SELL
1749566863000000000,AAPL,XNAS,0.9999229311943054,100,3.0,SELL
1749566864000000000,AAPL,XNAS,0.9996147155761719,100,2.0,SELL
1749566890000000000,AAPL,XNAS,0.9996036887168884,100,14.0,BUY
1749566900000000000,AAPL,XNAS,0.999871551990509,100,117.0,BUY
1749566967000000000,AAPL,XNAS,0.999768853187561,100,2.0,SELL
1749566985000000000,AAPL,XNAS,0.9998202323913574,100,3.0,BUY
1749566986000000000,AAPL,XNAS,0.9995633363723755,100,112.0,SELL
1749567010000000000,AAPL,XNAS,0.9994481801986694,100,384.0,BUY
1749567036000000000,AAPL,XNAS,0.9990350008010864,100,120.0,SELL
1749567092000000000,AAPL,XNAS,0.9996948838233948,100,208.0,BUY
1749567161000000000,AAPL,XNAS,0.9991785287857056,100,14.0,SELL
1749567178000000000,AAPL,XNAS,0.9989473223686218,100,202.0,BUY
1749567189000000000,AAPL,XNAS,0.9986177086830139,100,515.0,SELL
1749567194000000000,AAPL,XNAS,0.9988840818405151,100,154.0,SELL
1749567265000000000,AAPL,XNAS,0.9988499283790588,100,1.0,SELL
1749567276000000000,AAPL,XNAS,0.9987560510635376,100,10.0,SELL
1749567279000000000,AAPL,XNAS,0.9986152648925781,100,101.0,BUY
1749567284000000000,AAPL,XNAS,0.9980519413948059,100,2.0,SELL
1749567324000000000,AAPL,XNAS,0.9980989098548889,100,1.0,UNKNOWN
1749567327000000000,AAPL,XNAS,0.9984563589096069,100,332.0,SELL
1749567369000000000,AAPL,XNAS,0.9984744191169739,100,1.0,SELL
1749567394000000000,AAPL,XNAS,0.9984744191169739,100,103.0,SELL
1749567416000000000,AAPL,XNAS,0.9984744191169739,100,100.0,SELL
1749567443000000000,AAPL,XNAS,0.9983671307563782,100,14.0,SELL
1749567488000000000,AAPL,XNAS,0.9990887641906738,100,149.0,BUY
1749567497000000000,AAPL,XNAS,0.9987286925315857,100,338.0,SELL
1749567506000000000,AAPL,XNAS,0.9984749555587769,100,184.0,BUY
1749567533000000000,AAPL,XNAS,0.9980519413948059,100,300.0,BUY
1749567534000000000,AAPL,XNAS,0.9979111552238464,100,45.0,BUY
1749567546000000000,AAPL,XNAS,0.9983386993408203,100,415.0,SELL
1749567547000000000,AAPL,XNAS,0.9990846514701843,100,100.0,BUY
1749567550000000000,AAPL,XNAS,0.9993193745613098,100,97.0,BUY
1749567625000000000,AAPL,XNAS,0.9998182058334351,100,47.0,SELL
1749567638000000000,AAPL,XNAS,0.9996623992919922,100,1.0,SELL
1749567643000000000,AAPL,XNAS,1.0005428791046143,100,85.0,BUY
1749567644000000000,AAPL,XNAS,1.0008569955825806,100,11.0,BUY
1749567696000000000,AAPL,XNAS,1.0006492137908936,100,1.0,BUY
1749567713000000000,AAPL,XNAS,1.0006492137908936,100,32.0,BUY
1749567762000000000,AAPL,XNAS,0.9999740123748779,100,11.0,SELL
1749567768000000000,AAPL,XNAS,1.0009608268737793,100,21.0,BUY
1749567790000000000,AAPL,XNAS,1.0005972385406494,100,1.0,BUY
1749567803000000000,AAPL,XNAS,1.000389575958252,100,1.0,BUY
1749567831000000000,AAPL,XNAS,1.0005106925964355,100,3.0,BUY
1749567842000000000,AAPL,XNAS,1.0009608268737793,100,108.0,BUY
1749567851000000000,AAPL,XNAS,1.000025987625122,100,3.0,SELL
1749567892000000000,AAPL,XNAS,1.0005972385406494,100,2.0,SELL
1749567953000000000,AAPL,XNAS,1.0005972385406494,100,1.0,SELL
1749567959000000000,AAPL,XNAS,1.0011845827102661,100,331.0,BUY
1749567960000000000,AAPL,XNAS,1.0014283657073975,100,2.0,BUY
1749567998000000000,AAPL,XNAS,1.0015184879302979,100,114.0,BUY
1749568036000000000,AAPL,XNAS,1.0010820627212524,100,6.0,SELL
1749568051000000000,AAPL,XNAS,1.001688003540039,100,200.0,BUY
1749568052000000000,AAPL,XNAS,1.001688003540039,100,2.0,BUY
1749568075000000000,AAPL,XNAS,1.0014283657073975,100,2.0,SELL
1749568136000000000,AAPL,XNAS,1.0014283657073975,100,2.0,BUY
1749568185000000000,AAPL,XNAS,1.0020476579666138,100,214.0,BUY
1749568197000000000,AAPL,XNAS,1.0021048784255981,100,219.0,SELL
1749568220000000000,AAPL,XNAS,0.9993079900741577,100,341.0,BUY
1749568221000000000,AAPL,XNAS,0.9991865158081055,100,1.0,BUY
1749568223000000000,AAPL,XNAS,0.9986808896064758,100,69.0,SELL
1749568229000000000,AAPL,XNAS,0.9994257688522339,100,327.0,BUY
1749568234000000000,AAPL,XNAS,0.9989146590232849,100,119.0,SELL
1749568237000000000,AAPL,XNAS,0.9987558126449585,100,100.0,SELL
1749568277000000000,AAPL,XNAS,0.9987079501152039,100,2.0,SELL
1749568307000000000,AAPL,XNAS,0.9990907907485962,100,4.0,BUY
1749568322000000000,AAPL,XNAS,0.9988993406295776,100,50.0,BUY
1749568340000000000,AAPL,XNAS,0.9987558126449585,100,1.0,UNKNOWN
1749568343000000000,AAPL,XNAS,0.9990429282188416,100,206.0,UNKNOWN
1749568359000000000,AAPL,XNAS,0.9993300437927246,100,2.0,BUY
1749568369000000000,AAPL,XNAS,0.9993779063224792,100,4.0,BUY
1749568396000000000,AAPL,XNAS,0.9989950656890869,100,100.0,SELL
1749568405000000000,AAPL,XNAS,0.9990907907485962,100,1.0,SELL
1749568460000000000,AAPL,XNAS,0.9991386532783508,100,1.0,SELL
1749568493000000000,AAPL,XNAS,1.000064730644226,100,142.0,SELL
1749568506000000000,AAPL,XNAS,1.0000478029251099,100,40.0,SELL
1749568515000000000,AAPL,XNAS,1.0001435279846191,100,55.0,SELL
1749568519000000000,AAPL,XNAS,1.0001435279846191,100,4.0,SELL
1749568524000000000,AAPL,XNAS,1.0003349781036377,100,1.0,UNKNOWN
1749568525000000000,AAPL,XNAS,1.0006390810012817,100,243.0,SELL
1749568531000000000,AAPL,XNAS,1.000861406326294,100,102.0,SELL
1749568534000000000,AAPL,XNAS,1.001052737236023,100,3.0,BUY
1749568537000000000,AAPL,XNAS,1.000861406326294,100,2.0,SELL
1749568542000000000,AAPL,XNAS,1.001052737236023,100,3.0,BUY
1749568557000000000,AAPL,XNAS,1.0012441873550415,100,2.0,BUY
1749568562000000000,AAPL,XNAS,1.0013399124145508,100,100.0,SELL
1749568564000000000,AAPL,XNAS,1.001508355140686,100,25.0,BUY
1749568597000000000,AAPL,XNAS,1.0015313625335693,100,10.0,SELL
1749568599000000000,AAPL,XNAS,1.00148344039917,100,179.0,SELL
1749568602000000000,AAPL,XNAS,1.00143563747406,100,1.0,SELL
1749568604000000000,AAPL,XNAS,1.00143563747406,100,3.0,SELL
1749568606000000000,AAPL,XNAS,1.0015313625335693,100,4.0,BUY
1749568609000000000,AAPL,XNAS,1.001292109489441,100,100.0,BUY
1749568617000000000,AAPL,XNAS,1.001292109489441,100,4.0,BUY
1749568618000000000,AAPL,XNAS,1.001292109489441,100,9.0,BUY
1749568624000000000,AAPL,XNAS,1.001292109489441,100,9.0,SELL
1749568631000000000,AAPL,XNAS,1.001292109489441,100,3.0,BUY
1749568633000000000,AAPL,XNAS,1.0009571313858032,100,4.0,SELL
1749568640000000000,AAPL,XNAS,1.001292109489441,100,2.0,BUY
1749568650000000000,AAPL,XNAS,1.001292109489441,100,2.0,BUY
1749568651000000000,AAPL,XNAS,1.0011006593704224,100,1.0,SELL
1749568667000000000,AAPL,XNAS,1.0012441873550415,100,4.0,BUY
1749568692000000000,AAPL,XNAS,1.000800371170044,100,365.0,SELL
1749568697000000000,AAPL,XNAS,1.001004934310913,100,2.0,BUY
1749568700000000000,AAPL,XNAS,1.0010408163070679,100,4.0,SELL
1749568717000000000,AAPL,XNAS,1.001004934310913,100,10.0,BUY
1749568732000000000,AAPL,XNAS,1.001741886138916,100,5.0,SELL
1749568742000000000,AAPL,XNAS,1.0018184185028076,100,1.0,SELL
1749568744000000000,AAPL,XNAS,1.0017706155776978,100,2.0,SELL
1749568745000000000,AAPL,XNAS,1.0016429424285889,100,9.0,SELL
1749568771000000000,AAPL,XNAS,1.0018184185028076,100,1.0,BUY
1749568788000000000,AAPL,XNAS,1.0015313625335693,100,20.0,BUY
1749568796000000000,AAPL,XNAS,1.0015791654586792,100,1.0,BUY
1749568852000000000,AAPL,XNAS,0.9779149293899536,98,200.0,SELL
1749568874000000000,AAPL,XNAS,0.9811981916427612,98,622.0,BUY
1749568897000000000,AAPL,XNAS,0.9798775315284729,98,111.0,SELL
1749568959000000000,AAPL,XNAS,0.9772162437438965,98,358.0,SELL
1749568996000000000,AAPL,XNAS,0.9820529222488403,98,200.0,BUY
1749569016000000000,AAPL,XNAS,0.9821488261222839,98,105.0,BUY
1749569017000000000,AAPL,XNAS,0.9801923632621765,98,596.0,SELL
1749569018000000000,AAPL,XNAS,0.9801612496376038,98,2.0,SELL
1749569020000000000,AAPL,XNAS,0.9796883463859558,98,100.0,BUY
1749569042000000000,AAPL,XNAS,0.9774989485740662,98,162.0,SELL
1749569060000000000,AAPL,XNAS,0.9765788316726685,98,404.0,SELL
1749569083000000000,AAPL,XNAS,0.9765670895576477,98,100.0,SELL
1749569087000000000,AAPL,XNAS,0.9764528870582581,98,207.0,SELL
1749569130000000000,AAPL,XNAS,0.9779385924339294,98,200.0,SELL
1749569249000000000,AAPL,XNAS,0.9806105494499207,98,200.0,SELL
1749569258000000000,AAPL,XNAS,0.9823839664459229,98,3.0,BUY
1749569262000000000,AAPL,XNAS,0.9815800189971924,98,2.0,SELL
1749569272000000000,AAPL,XNAS,0.9809153079986572,98,597.0,SELL
1749569344000000000,AAPL,XNAS,0.9822503328323364,98,206.0,SELL
1749569391000000000,AAPL,XNAS,0.9850795865058899,99,100.0,SELL
1749569394000000000,AAPL,XNAS,0.9849299788475037,98,123.0,SELL
1749569500000000000,AAPL,XNAS,1.0028268098831177,100,19.0,UNKNOWN
1749569515000000000,AAPL,XNAS,1.0028268098831177,100,1.0,UNKNOWN
1749569522000000000,AAPL,XNAS,1.0025851726531982,100,259.0,SELL
1749569525000000000,AAPL,XNAS,1.00316321849823,100,414.0,SELL
1749569527000000000,AAPL,XNAS,1.0033100843429565,100,11.0,BUY
1749569551000000000,AAPL,XNAS,1.003068447113037,100,5.0,BUY
1749569605000000000,AAPL,XNAS,1.0031651258468628,100,97.0,BUY
1749569620000000000,AAPL,XNAS,1.0031651258468628,100,3.0,UNKNOWN
1749569637000000000,AAPL,XNAS,1.003321886062622,100,407.0,SELL
1749569638000000000,AAPL,XNAS,1.0033583641052246,100,1.0,SELL
1749569639000000000,AAPL,XNAS,1.003551721572876,100,50.0,BUY
1749569675000000000,AAPL,XNAS,1.0033100843429565,100,2.0,SELL
1749569678000000000,AAPL,XNAS,1.0031596422195435,100,124.0,BUY
1749569716000000000,AAPL,XNAS,1.0034443140029907,100,249.0,SELL
1749569717000000000,AAPL,XNAS,1.0036966800689697,100,1.0,BUY
1749569720000000000,AAPL,XNAS,1.0037449598312378,100,100.0,BUY
1749569727000000000,AAPL,XNAS,1.0038416385650635,100,100.0,SELL
1749569729000000000,AAPL,XNAS,1.0042282342910767,100,1.0,SELL
1749569765000000000,AAPL,XNAS,1.0044697523117065,100,221.0,BUY
1749569786000000000,AAPL,XNAS,1.0042765140533447,100,1.0,SELL
1749569833000000000,AAPL,XNAS,1.0044697523117065,100,204.0,BUY
1749569899000000000,AAPL,XNAS,1.0043247938156128,100,1.0,UNKNOWN
1749569906000000000,AAPL,XNAS,1.0043247938156128,100,1.0,SELL
1749569919000000000,AAPL,XNAS,1.0040050745010376,100,518.0,BUY
1749569933000000000,AAPL,XNAS,1.0039865970611572,100,5.0,BUY
1749569965000000000,AAPL,XNAS,1.004179835319519,100,219.0,SELL
1749570019000000000,AAPL,XNAS,0.99969083070755,100,167.0,SELL
1749570061000000000,AAPL,XNAS,1.0003584623336792,100,514.0,SELL
1749570062000000000,AAPL,XNAS,1.0008280277252197,100,1.0,SELL
1749570063000000000,AAPL,XNAS,1.0008766651153564,100,1.0,BUY
1749570189000000000,AAPL,XNAS,1.0008302927017212,100,21.0,BUY
1749570216000000000,AAPL,XNAS,1.0003896951675415,100,100.0,SELL
1749570257000000000,AAPL,XNAS,1.0007306337356567,100,1.0,SELL
1749570270000000000,AAPL,XNAS,1.0002756118774414,100,514.0,BUY
1749570280000000000,AAPL,XNAS,0.9998695850372314,100,31.0,SELL
1749570342000000000,AAPL,XNAS,1.0002435445785522,100,6.0,BUY
1749570364000000000,AAPL,XNAS,0.9999513030052185,100,1.0,BUY
1749570409000000000,AAPL,XNAS,1.0006818771362305,100,10.0,BUY
1749570425000000000,AAPL,XNAS,1.000194787979126,100,2.0,SELL
1749570440000000000,AAPL,XNAS,0.9996775388717651,100,475.0,BUY
1749570458000000000,AAPL,XNAS,0.9994155168533325,100,100.0,SELL
1749570485000000000,AAPL,XNAS,0.9993181228637695,100,1.0,BUY
1749570494000000000,AAPL,XNAS,0.9991232752799988,100,18.0,BUY
1749570516000000000,AAPL,XNAS,0.998733639717102,100,5.0,BUY
1749570547000000000,AAPL,XNAS,0.9993181228637695,100,190.0,BUY
1749570578000000000,AAPL,XNAS,0.9995129108428955,100,90.0,BUY
1749570582000000000,AAPL,XNAS,0.999564528465271,100,221.0,SELL
1749570610000000000,AAPL,XNAS,1.0004284381866455,100,269.0,SELL
1749570615000000000,AAPL,XNAS,1.0002350807189941,100,500.0,SELL
1749570649000000000,AAPL,XNAS,1.0002995729446411,100,115.0,BUY
1749570679000000000,AAPL,XNAS,1.0002995729446411,100,3.0,BUY
1749570685000000000,AAPL,XNAS,0.9999410510063171,100,380.0,BUY
1749570709000000000,AAPL,XNAS,0.9997963309288025,100,110.0,BUY
1749570710000000000,AAPL,XNAS,0.9996542930603027,100,100.0,SELL
1749570721000000000,AAPL,XNAS,0.9997516870498657,100,553.0,SELL
1749570731000000000,AAPL,XNAS,0.9999769330024719,100,16.0,BUY
1749570737000000000,AAPL,XNAS,0.9999769330024719,100,36.0,BUY
1749570738000000000,AAPL,XNAS,0.9998847842216492,100,100.0,BUY
1749570747000000000,AAPL,XNAS,0.9998847842216492,100,1.0,BUY
1749570748000000000,AAPL,XNAS,0.9999769330024719,100,9.0,BUY
1749570751000000000,AAPL,XNAS,1.0000211000442505,100,219.0,SELL
1749570764000000000,AAPL,XNAS,1.0001612901687622,100,103.0,SELL
1749570775000000000,AAPL,XNAS,1.000622272491455,100,15.0,SELL
1749570802000000000,AAPL,XNAS,1.000576138496399,100,1.0,BUY
1749570803000000000,AAPL,XNAS,1.000576138496399,100,92.0,SELL
1749570805000000000,AAPL,XNAS,1.000898838043213,100,101.0,BUY
1749570808000000000,AAPL,XNAS,1.0009487867355347,100,119.0,SELL
1749570809000000000,AAPL,XNAS,1.0010831356048584,100,5.0,SELL
1749570811000000000,AAPL,XNAS,1.0012750625610352,100,110.0,BUY
1749570818000000000,AAPL,XNAS,1.0010371208190918,100,200.0,BUY
1749570827000000000,AAPL,XNAS,1.000440239906311,100,211.0,BUY
1749570848000000000,AAPL,XNAS,1.0000691413879395,100,107.0,BUY
1749570851000000000,AAPL,XNAS,0.9996542930603027,100,100.0,SELL
1749570852000000000,AAPL,XNAS,0.9996542930603027,100,100.0,SELL
1749570854000000000,AAPL,XNAS,0.9996556639671326,100,202.0,SELL
1749570860000000000,AAPL,XNAS,0.9996509552001953,100,55.0,BUY
1749570861000000000,AAPL,XNAS,0.9996542930603027,100,100.0,SELL
1749570862000000000,AAPL,XNAS,0.9996542930603027,100,570.0,SELL
1749570863000000000,AAPL,XNAS,0.9995839595794678,100,171.0,BUY
1749570883000000000,AAPL,XNAS,0.9995572566986084,100,522.0,SELL
1749570886000000000,AAPL,XNAS,0.9999539256095886,100,184.0,SELL
1749570902000000000,AAPL,XNAS,1.0003005266189575,100,102.0,BUY
1749570905000000000,AAPL,XNAS,1.0005300045013428,100,3.0,SELL
1749570917000000000,AAPL,XNAS,1.0004737377166748,100,9.0,SELL
1749570922000000000,AAPL,XNAS,1.0002995729446411,100,102.0,BUY
1749570936000000000,AAPL,XNAS,0.9999769330024719,100,51.0,BUY
1749570937000000000,AAPL,XNAS,0.9999769330024719,100,100.0,BUY
1749570959000000000,AAPL,XNAS,0.9999188184738159,100,115.0,BUY
1749570961000000000,AAPL,XNAS,0.9996082186698914,100,2.0,BUY
1749570981000000000,AAPL,XNAS,0.9997004270553589,100,20.0,SELL
1749570990000000000,AAPL,XNAS,0.9997465014457703,100,300.0,SELL
1749570998000000000,AAPL,XNAS,0.9994304180145264,100,7.0,BUY
1749571008000000000,AAPL,XNAS,0.9994699358940125,100,100.0,BUY
1749571034000000000,AAPL,XNAS,0.9995051026344299,100,194.0,SELL
1749571038000000000,AAPL,XNAS,0.9999308586120605,100,92.0,BUY
1749571039000000000,AAPL,XNAS,0.9997925758361816,100,1.0,BUY
1749571049000000000,AAPL,XNAS,0.999976396560669,100,171.0,BUY
1749571068000000000,AAPL,XNAS,0.9996511340141296,100,117.0,BUY
1749571069000000000,AAPL,XNAS,0.9997925758361816,100,3.0,BUY
1749571095000000000,AAPL,XNAS,0.9994608759880066,100,102.0,BUY
1749571096000000000,AAPL,XNAS,0.9997081160545349,100,245.0,SELL
1749571099000000000,AAPL,XNAS,0.9999769330024719,100,104.0,BUY
1749571110000000000,AAPL,XNAS,1.0001152753829956,100,100.0,BUY
1749571113000000000,AAPL,XNAS,1.0001152753829956,100,20.0,BUY
1749571117000000000,AAPL,XNAS,0.9995639324188232,100,102.0,BUY
1749571120000000000,AAPL,XNAS,0.9997004270553589,100,197.0,BUY
1749571125000000000,AAPL,XNAS,0.9991472959518433,100,2.0,SELL
1749571129000000000,AAPL,XNAS,0.9993151426315308,100,229.0,BUY
1749571131000000000,AAPL,XNAS,0.999423623085022,100,188.0,SELL
1749571132000000000,AAPL,XNAS,0.9994699358940125,100,3.0,SELL
1749571140000000000,AAPL,XNAS,0.9996898174285889,100,100.0,BUY
1749571142000000000,AAPL,XNAS,0.9998341202735901,100,203.0,BUY
1749571143000000000,AAPL,XNAS,1.0001152753829956,100,301.0,BUY
1749571146000000000,AAPL,XNAS,1.0003918409347534,100,100.0,BUY
1749571149000000000,AAPL,XNAS,1.0003931522369385,100,203.0,SELL
1749571159000000000,AAPL,XNAS,0.9996082186698914,100,12.0,BUY
1749571174000000000,AAPL,XNAS,0.9997261166572571,100,226.0,SELL
1749571190000000000,AAPL,XNAS,0.9995160102844238,100,106.0,BUY
1749571241000000000,AAPL,XNAS,0.9991240501403809,100,100.0,SELL
1749571297000000000,AAPL,XNAS,0.9995502233505249,100,90.0,BUY
1749571309000000000,AAPL,XNAS,0.9988892674446106,100,97.0,SELL
1749571319000000000,AAPL,XNAS,0.9991240501403809,100,21.0,SELL
1749571332000000000,AAPL,XNAS,0.9991240501403809,100,17.0,SELL
1749571335000000000,AAPL,XNAS,0.9988873600959778,100,43.0,SELL
1749571354000000000,AAPL,XNAS,0.9993292689323425,100,207.0,SELL
1749571359000000000,AAPL,XNAS,0.9991714358329773,100,20.0,SELL
1749571362000000000,AAPL,XNAS,0.9988594055175781,100,217.0,SELL
1749571363000000000,AAPL,XNAS,0.9986893534660339,100,254.0,BUY
1749571365000000000,AAPL,XNAS,0.9981297850608826,100,100.0,BUY
1749571387000000000,AAPL,XNAS,0.9978960752487183,100,329.0,SELL
1749571401000000000,AAPL,XNAS,0.9986506104469299,100,100.0,BUY
1749571406000000000,AAPL,XNAS,0.9987926483154297,100,24.0,BUY
1749571551000000000,AAPL,XNAS,0.9990662336349487,100,297.0,SELL
1749571552000000000,AAPL,XNAS,0.9994081854820251,100,88.0,SELL
1749571563000000000,AAPL,XNAS,0.9993998408317566,100,114.0,SELL
1749571570000000000,AAPL,XNAS,0.9990767240524292,100,5.0,SELL
1749571611000000000,AAPL,XNAS,0.9989820122718811,100,11.0,SELL
1749571727000000000,AAPL,XNAS,0.9996333718299866,100,148.0,BUY
1749571800000000000,AAPL,XNAS,1.00319504737854,100,251.0,BUY
1749571805000000000,AAPL,XNAS,1.0011277198791504,100,1.0,BUY
1749571806000000000,AAPL,XNAS,1.0011277198791504,100,50.0,BUY
1749571809000000000,AAPL,XNAS,1.0011277198791504,100,48.0,BUY
1749571844000000000,AAPL,XNAS,1.0011125802993774,100,147.0,SELL
1749571846000000000,AAPL,XNAS,1.0007517337799072,100,100.0,SELL
1749571859000000000,AAPL,XNAS,0.9995301365852356,100,121.0,BUY
1749571867000000000,AAPL,XNAS,0.998449444770813,100,206.0,SELL
1749571870000000000,AAPL,XNAS,0.9984976649284363,100,235.0,BUY
1749571874000000000,AAPL,XNAS,1.0001879930496216,100,113.0,BUY
1749571903000000000,AAPL,XNAS,1.0012494325637817,100,282.0,SELL
1749571920000000000,AAPL,XNAS,1.001456618309021,100,1.0,SELL
1749571922000000000,AAPL,XNAS,1.0010008811950684,100,299.0,SELL
1749571930000000000,AAPL,XNAS,1.001644492149353,100,100.0,SELL
1749571932000000000,AAPL,XNAS,1.001644492149353,100,146.0,SELL
1749571949000000000,AAPL,XNAS,1.0031393766403198,100,249.0,BUY
1749571967000000000,AAPL,XNAS,1.0019885301589966,100,442.0,SELL
1749572039000000000,AAPL,XNAS,1.000140905380249,100,1.0,SELL
1749572229000000000,AAPL,XNAS,1.0011625289916992,100,124.0,BUY
1749572278000000000,AAPL,XNAS,0.9995771050453186,100,367.0,BUY
1749572304000000000,AAPL,XNAS,1.0003992319107056,100,199.0,BUY
1749572305000000000,AAPL,XNAS,1.0004730224609375,100,30.0,BUY
1749572350000000000,AAPL,XNAS,1.0009160041809082,100,403.0,SELL
1749572366000000000,AAPL,XNAS,1.0012686252593994,100,100.0,BUY
1749572400000000000,AAPL,XNAS,0.9998536705970764,100,2.0,SELL
1749572413000000000,AAPL,XNAS,0.9998536705970764,100,2.0,BUY
1749572457000000000,AAPL,XNAS,1.0000975131988525,100,2.0,SELL
1749572459000000000,AAPL,XNAS,1.0003414154052734,100,2.0,BUY
1749572481000000000,AAPL,XNAS,1.0003507137298584,100,105.0,SELL
1749572493000000000,AAPL,XNAS,1.0005111694335938,100,316.0,BUY
1749572540000000000,AAPL,XNAS,1.0005364418029785,100,3.0,SELL
1749572543000000000,AAPL,XNAS,1.0004876852035522,100,5.0,BUY
1749572609000000000,AAPL,XNAS,0.9998049139976501,100,101.0,BUY
1749572617000000000,AAPL,XNAS,0.9994147419929504,100,4.0,BUY
1749572645000000000,AAPL,XNAS,0.9988294839859009,100,1.0,BUY
1749572657000000000,AAPL,XNAS,0.9987319707870483,100,1.0,BUY
1749572671000000000,AAPL,XNAS,0.999247133731842,100,142.0,SELL
1749572702000000000,AAPL,XNAS,0.9999024868011475,100,9.0,BUY
1749572719000000000,AAPL,XNAS,1.0001887083053589,100,23.0,SELL
1749572779000000000,AAPL,XNAS,1.0003414154052734,100,8.0,SELL
1749572797000000000,AAPL,XNAS,1.0000500679016113,100,308.0,BUY
1749572798000000000,AAPL,XNAS,0.999561071395874,100,103.0,BUY
1749572813000000000,AAPL,XNAS,0.9989396333694458,100,62.0,BUY
1749572872000000000,AAPL,XNAS,0.9982442259788513,100,2.0,BUY
1749572909000000000,AAPL,XNAS,0.9982361197471619,100,24.0,BUY
1749572934000000000,AAPL,XNAS,0.9986491203308105,100,477.0,SELL
1749572963000000000,AAPL,XNAS,0.9999024868011475,100,100.0,BUY
1749572970000000000,AAPL,XNAS,0.9999024868011475,100,100.0,SELL
1749572991000000000,AAPL,XNAS,1.0006340742111206,100,47.0,BUY
1749573014000000000,AAPL,XNAS,0.9997167587280273,100,102.0,SELL
1749573015000000000,AAPL,XNAS,0.999575138092041,100,3.0,SELL
1749573016000000000,AAPL,XNAS,0.9993627071380615,100,2.0,SELL
1749573027000000000,AAPL,XNAS,0.999575138092041,100,13.0,BUY
1749573052000000000,AAPL,XNAS,0.9999067187309265,100,299.0,SELL
1749573135000000000,AAPL,XNAS,1.000424861907959,100,102.0,BUY
1749573335000000000,AAPL,XNAS,1.0003776550292969,100,11.0,UNKNOWN
1749573346000000000,AAPL,XNAS,1.0005664825439453,100,169.0,UNKNOWN
1749573372000000000,AAPL,XNAS,1.0008068084716797,100,144.0,BUY
1749573376000000000,AAPL,XNAS,1.0009441375732422,100,92.0,BUY
1749573377000000000,AAPL,XNAS,1.0009441375732422,100,9.0,SELL
1749573489000000000,AAPL,XNAS,1.0008131265640259,100,285.0,BUY
1749573536000000000,AAPL,XNAS,1.00089693069458,100,49.0,BUY
1749573600000000000,AAPL,XNAS,1.00018310546875,100,81.0,SELL
1749573642000000000,AAPL,XNAS,0.9999485015869141,100,94.0,BUY
1749573685000000000,AAPL,XNAS,1.0,100,2.0,BUY
1749573686000000000,AAPL,XNAS,1.000045657157898,100,300.0,SELL
1749573687000000000,AAPL,XNAS,1.000319480895996,100,150.0,SELL
1749573733000000000,AAPL,XNAS,0.999777615070343,100,110.0,BUY
1749573735000000000,AAPL,XNAS,0.999589204788208,100,40.0,BUY
1749573760000000000,AAPL,XNAS,0.999360978603363,100,3.0,BUY
1749573765000000000,AAPL,XNAS,0.9994979500770569,100,64.0,BUY
1749573768000000000,AAPL,XNAS,0.9996805191040039,100,3.0,BUY
1749573773000000000,AAPL,XNAS,0.999867856502533,100,133.0,SELL
1749573865000000000,AAPL,XNAS,0.999634861946106,100,46.0,SELL
1749573911000000000,AAPL,XNAS,0.9997254610061646,100,201.0,BUY
1749573920000000000,AAPL,XNAS,0.9997261166572571,100,96.0,SELL
1749573933000000000,AAPL,XNAS,0.999589204788208,100,44.0,BUY
1749573949000000000,AAPL,XNAS,1.000091314315796,100,25.0,BUY
1749574031000000000,AAPL,XNAS,0.9998326301574707,100,9.0,SELL
1749574033000000000,AAPL,XNAS,1.000045657157898,100,101.0,BUY
1749574073000000000,AAPL,XNAS,1.000091314315796,100,8.0,BUY
1749574110000000000,AAPL,XNAS,0.999634861946106,100,103.0,BUY
1749574116000000000,AAPL,XNAS,0.9998630881309509,100,20.0,BUY
1749574119000000000,AAPL,XNAS,1.0000461339950562,100,91.0,BUY
1749574121000000000,AAPL,XNAS,0.9998630881309509,100,90.0,BUY
1749574152000000000,AAPL,XNAS,0.999817430973053,100,8.0,SELL
1749574164000000000,AAPL,XNAS,0.999589204788208,100,100.0,UNKNOWN
1749574203000000000,AAPL,XNAS,1.0006710290908813,100,203.0,BUY
1749574351000000000,AAPL,XNAS,1.000647783279419,100,11.0,BUY
1749574352000000000,AAPL,XNAS,0.9998704195022583,100,20.0,SELL
1749574359000000000,AAPL,XNAS,1.0004472732543945,100,23.0,BUY
1749574377000000000,AAPL,XNAS,1.0007514953613281,100,6.0,BUY
1749574385000000000,AAPL,XNAS,1.0012800693511963,100,125.0,BUY
1749574403000000000,AAPL,XNAS,1.0013734102249146,100,1.0,BUY
1749574407000000000,AAPL,XNAS,1.0017361640930176,100,10.0,BUY
1749574434000000000,AAPL,XNAS,1.0023123025894165,100,34.0,BUY
1749574450000000000,AAPL,XNAS,1.0016324520111084,100,7.0,SELL
1749574452000000000,AAPL,XNAS,1.0010759830474854,100,218.0,BUY
1749574505000000000,AAPL,XNAS,1.0008536577224731,100,103.0,BUY
1749574531000000000,AAPL,XNAS,1.0002557039260864,100,113.0,SELL
1749574626000000000,AAPL,XNAS,1.0011661052703857,100,101.0,BUY
1749574628000000000,AAPL,XNAS,1.0013734102249146,100,18.0,BUY
1749574632000000000,AAPL,XNAS,1.000958800315857,100,100.0,BUY
1749574672000000000,AAPL,XNAS,0.9997149705886841,100,8.0,SELL
1749574673000000000,AAPL,XNAS,0.9997149705886841,100,92.0,BUY
1749574689000000000,AAPL,XNAS,0.998833954334259,100,6.0,SELL
1749574832000000000,AAPL,XNAS,0.9998255372047424,100,234.0,BUY
1749574834000000000,AAPL,XNAS,0.9995773434638977,100,200.0,BUY
1749574850000000000,AAPL,XNAS,0.9990355968475342,100,362.0,BUY
1749574857000000000,AAPL,XNAS,0.9987320303916931,100,101.0,BUY
1749574895000000000,AAPL,XNAS,0.9985331296920776,100,205.0,SELL
1749574928000000000,AAPL,XNAS,0.9981850385665894,100,101.0,UNKNOWN
1749574941000000000,AAPL,XNAS,0.9978369474411011,100,100.0,SELL
1749574966000000000,AAPL,XNAS,0.9983839392662048,100,1.0,BUY
1749575000000000000,AAPL,XNAS,0.998878538608551,100,335.0,BUY
1749575012000000000,AAPL,XNAS,0.9991207718849182,100,44.0,BUY
1749575013000000000,AAPL,XNAS,0.9988314509391785,100,400.0,SELL
1749575021000000000,AAPL,XNAS,0.9984522461891174,100,131.0,SELL
1749575037000000000,AAPL,XNAS,0.9987817406654358,100,7.0,BUY
1749575044000000000,AAPL,XNAS,0.9987320303916931,100,1.0,SELL
1749575049000000000,AAPL,XNAS,0.9990047216415405,100,264.0,SELL
1749575077000000000,AAPL,XNAS,0.9992789626121521,100,10.0,BUY
1749575078000000000,AAPL,XNAS,0.9989309310913086,100,200.0,SELL
1749575112000000000,AAPL,XNAS,0.9987599849700928,100,201.0,BUY
1749575155000000000,AAPL,XNAS,0.9985828399658203,100,1.0,SELL
1749575166000000000,AAPL,XNAS,0.9983342289924622,100,209.0,SELL
1749575179000000000,AAPL,XNAS,0.9981319904327393,100,299.0,BUY
1749575186000000000,AAPL,XNAS,0.9985240697860718,100,121.0,BUY
1749575245000000000,AAPL,XNAS,0.9984336495399475,100,6.0,BUY
1749575246000000000,AAPL,XNAS,0.9985602498054504,100,141.0,BUY
1749575290000000000,AAPL,XNAS,0.9982844591140747,100,78.0,BUY
1749575291000000000,AAPL,XNAS,0.9980300664901733,100,300.0,BUY
1749575296000000000,AAPL,XNAS,0.9975386261940002,100,16.0,BUY
1749575299000000000,AAPL,XNAS,0.9971408247947693,100,200.0,SELL
1749575352000000000,AAPL,XNAS,0.9966932535171509,100,64.0,SELL
1749575369000000000,AAPL,XNAS,0.9966932535171509,100,211.0,BUY
1749575370000000000,AAPL,XNAS,0.9965274930000305,100,12.0,BUY
1749575391000000000,AAPL,XNAS,0.9961463212966919,100,136.0,BUY
1749575405000000000,AAPL,XNAS,0.9999316930770874,100,116.0,SELL
1749575424000000000,AAPL,XNAS,0.999695360660553,100,16.0,SELL
1749575431000000000,AAPL,XNAS,1.0004925727844238,100,371.0,BUY
1749575446000000000,AAPL,XNAS,1.0003397464752197,100,234.0,BUY
1749575519000000000,AAPL,XNAS,0.9996445775032043,100,1.0,SELL
1749575520000000000,AAPL,XNAS,0.9991368651390076,100,1.0,SELL
1749575549000000000,AAPL,XNAS,0.9991368651390076,100,1.0,SELL
1749575562000000000,AAPL,XNAS,0.9988321661949158,100,100.0,SELL
1749575593000000000,AAPL,XNAS,0.9988829493522644,100,1.0,SELL
1749575599000000000,AAPL,XNAS,0.9993399381637573,100,20.0,BUY
1749575629000000000,AAPL,XNAS,0.998629093170166,100,1.0,SELL
1749575632000000000,AAPL,XNAS,0.9983673691749573,100,71.0,SELL
1749575671000000000,AAPL,XNAS,0.9987814426422119,100,1.0,BUY
1749575713000000000,AAPL,XNAS,0.9987814426422119,100,1.0,BUY
1749575728000000000,AAPL,XNAS,0.9981553554534912,100,306.0,BUY
1749575773000000000,AAPL,XNAS,0.9982228875160217,100,1.0,BUY
1749575791000000000,AAPL,XNAS,0.9982228875160217,100,122.0,SELL
1749575829000000000,AAPL,XNAS,0.9975035786628723,100,174.0,SELL
1749575839000000000,AAPL,XNAS,0.9982736706733704,100,1.0,BUY
1749575861000000000,AAPL,XNAS,0.9971566200256348,100,50.0,SELL
1749575911000000000,AAPL,XNAS,0.9971566200256348,100,29.0,SELL
1749575914000000000,AAPL,XNAS,0.9968519806861877,100,1.0,SELL
1749575915000000000,AAPL,XNAS,0.9963060617446899,100,121.0,SELL
1749575969000000000,AAPL,XNAS,0.9978674650192261,100,74.0,SELL
1749575971000000000,AAPL,XNAS,0.9979690313339233,100,122.0,SELL
1749575977000000000,AAPL,XNAS,0.9975120425224304,100,1.0,SELL
1749575994000000000,AAPL,XNAS,0.9984767436981201,100,25.0,BUY
1749576023000000000,AAPL,XNAS,1.000658392906189,100,105.0,BUY
1749576049000000000,AAPL,XNAS,1.0007071495056152,100,7.0,BUY
1749576069000000000,AAPL,XNAS,1.0005120038986206,100,1.0,SELL
1749576083000000000,AAPL,XNAS,1.0007110834121704,100,494.0,SELL
1749576119000000000,AAPL,XNAS,1.001042127609253,100,115.0,BUY
1749576124000000000,AAPL,XNAS,1.0009196996688843,100,558.0,SELL
1749576129000000000,AAPL,XNAS,1.0010484457015991,100,146.0,SELL
1749576215000000000,AAPL,XNAS,1.0010136365890503,100,70.0,SELL
1749576239000000000,AAPL,XNAS,1.000813603401184,100,415.0,BUY
1749576260000000000,AAPL,XNAS,1.0003657341003418,100,3.0,SELL
1749576339000000000,AAPL,XNAS,1.0004632472991943,100,1.0,SELL
1749576345000000000,AAPL,XNAS,1.000803828239441,100,601.0,SELL
1749576423000000000,AAPL,XNAS,1.0010484457015991,100,1.0,BUY
1749576499000000000,AAPL,XNAS,1.001097321510315,100,1.0,BUY
1749576600000000000,AAPL,XNAS,1.0001764297485352,100,2.0,SELL
1749576626000000000,AAPL,XNAS,1.0001126527786255,100,377.0,SELL
1749576711000000000,AAPL,XNAS,0.9999237656593323,100,165.0,SELL
1749576714000000000,AAPL,XNAS,0.9998236298561096,100,1.0,SELL
1749576736000000000,AAPL,XNAS,0.9996044635772705,100,482.0,BUY
1749576738000000000,AAPL,XNAS,0.9993700385093689,100,1.0,SELL
1749576772000000000,AAPL,XNAS,0.9997847080230713,100,404.0,SELL
1749576776000000000,AAPL,XNAS,0.9996724128723145,100,200.0,SELL
1749576787000000000,AAPL,XNAS,0.9993450045585632,100,151.0,BUY
1749576788000000000,AAPL,XNAS,0.9991180300712585,100,1.0,SELL
1749576789000000000,AAPL,XNAS,0.9989884495735168,100,7.0,SELL
1749576803000000000,AAPL,XNAS,0.9986203908920288,100,8.0,SELL
1749576830000000000,AAPL,XNAS,0.9991353750228882,100,305.0,BUY
1749576852000000000,AAPL,XNAS,0.9991180300712585,100,6.0,BUY
1749576890000000000,AAPL,XNAS,0.9985073804855347,100,68.0,SELL
1749576897000000000,AAPL,XNAS,0.9983180165290833,100,16.0,SELL
1749576901000000000,AAPL,XNAS,0.9984629154205322,100,25.0,SELL
1749576924000000000,AAPL,XNAS,0.9983116984367371,100,16.0,SELL
1749576977000000000,AAPL,XNAS,0.9988892674446106,100,217.0,SELL
1749576978000000000,AAPL,XNAS,0.9989668726921082,100,301.0,BUY
1749576979000000000,AAPL,XNAS,0.9988325834274292,100,301.0,BUY
1749576988000000000,AAPL,XNAS,0.9985130429267883,100,198.0,SELL
1749576999000000000,AAPL,XNAS,0.9981340169906616,100,19.0,SELL
1749577001000000000,AAPL,XNAS,0.9978690147399902,100,74.0,SELL
1749577047000000000,AAPL,XNAS,0.998231053352356,100,10.0,SELL
1749577051000000000,AAPL,XNAS,0.9981605410575867,100,100.0,SELL
1749577120000000000,AAPL,XNAS,0.9981605410575867,100,1.0,BUY
1749577151000000000,AAPL,XNAS,0.9981605410575867,100,1.0,BUY
1749577154000000000,AAPL,XNAS,0.9980093240737915,100,141.0,SELL
1749577164000000000,AAPL,XNAS,0.9979588985443115,100,241.0,SELL
1749577184000000000,AAPL,XNAS,0.9976227879524231,100,100.0,SELL
1749577250000000000,AAPL,XNAS,1.001425862312317,100,1.0,SELL
1749577272000000000,AAPL,XNAS,1.0007518529891968,100,303.0,SELL
1749577277000000000,AAPL,XNAS,1.000524640083313,100,34.0,SELL
1749577306000000000,AAPL,XNAS,1.0006999969482422,100,2.0,SELL
1749577327000000000,AAPL,XNAS,1.0004407167434692,100,100.0,BUY
1749577328000000000,AAPL,XNAS,1.0006999969482422,100,147.0,BUY
1749577354000000000,AAPL,XNAS,1.000887393951416,100,135.0,BUY
1749577403000000000,AAPL,XNAS,1.0004407167434692,100,110.0,SELL
1749577415000000000,AAPL,XNAS,1.0013740062713623,100,100.0,BUY
1749577438000000000,AAPL,XNAS,1.000132441520691,100,181.0,SELL
1749577442000000000,AAPL,XNAS,0.9998185038566589,100,10.0,SELL
1749577447000000000,AAPL,XNAS,0.9997148513793945,100,8.0,SELL
1749577486000000000,AAPL,XNAS,1.0004925727844238,100,1.0,BUY
1749577487000000000,AAPL,XNAS,1.0009074211120605,100,19.0,BUY
1749577522000000000,AAPL,XNAS,1.0011659860610962,100,302.0,SELL
1749577583000000000,AAPL,XNAS,1.0020314455032349,100,28.0,SELL
1749577665000000000,AAPL,XNAS,1.0015814304351807,100,100.0,SELL
1749577668000000000,AAPL,XNAS,1.001788854598999,100,1.0,BUY
1749577706000000000,AAPL,XNAS,1.0022035837173462,100,2.0,SELL
1749577722000000000,AAPL,XNAS,1.0018925666809082,100,211.0,SELL
1749577778000000000,AAPL,XNAS,1.0028818845748901,100,49.0,BUY
1749577804000000000,AAPL,XNAS,0.9999293088912964,100,105.0,BUY
1749577805000000000,AAPL,XNAS,0.9999764561653137,100,100.0,UNKNOWN
1749577860000000000,AAPL,XNAS,0.9997878670692444,100,36.0,SELL
1749577865000000000,AAPL,XNAS,0.999740719795227,100,1.0,SELL
1749577898000000000,AAPL,XNAS,0.999882161617279,100,50.0,SELL
1749577985000000000,AAPL,XNAS,1.0002341270446777,100,491.0,SELL
1749577991000000000,AAPL,XNAS,1.0004713535308838,100,2.0,BUY
1749578065000000000,AAPL,XNAS,1.000259280204773,100,123.0,SELL
1749578084000000000,AAPL,XNAS,1.000259280204773,100,9.0,SELL
1749578114000000000,AAPL,XNAS,1.0004518032073975,100,106.0,SELL
1749578115000000000,AAPL,XNAS,1.0006245374679565,100,4.0,BUY
1749578118000000000,AAPL,XNAS,1.0004949569702148,100,107.0,BUY
1749578171000000000,AAPL,XNAS,1.0004949569702148,100,100.0,BUY
1749578216000000000,AAPL,XNAS,1.0001649856567383,100,78.0,SELL
1749578235000000000,AAPL,XNAS,1.0001506805419922,100,330.0,BUY
1749578237000000000,AAPL,XNAS,0.9999764561653137,100,34.0,SELL
1749578238000000000,AAPL,XNAS,0.9999293088912964,100,18.0,BUY
1749578250000000000,AAPL,XNAS,1.0000368356704712,100,71.0,SELL
1749578429000000000,AAPL,XNAS,1.000163197517395,100,484.0,BUY
1749578436000000000,AAPL,XNAS,1.0003083944320679,100,8.0,BUY
1749578437000000000,AAPL,XNAS,1.0001866817474365,100,19.0,SELL
1749578460000000000,AAPL,XNAS,1.0000513792037964,100,14.0,SELL
1749578464000000000,AAPL,XNAS,1.0001541376113892,100,1.0,SELL
1749578524000000000,AAPL,XNAS,1.0001541376113892,100,1.0,BUY
1749578539000000000,AAPL,XNAS,0.9998971819877625,100,18.0,SELL
1749578541000000000,AAPL,XNAS,0.9998648166656494,100,295.0,SELL
1749578552000000000,AAPL,XNAS,1.0001027584075928,100,20.0,BUY
1749578565000000000,AAPL,XNAS,1.000205636024475,100,1.0,BUY
1749578651000000000,AAPL,XNAS,0.9998458027839661,100,2.0,SELL
1749578656000000000,AAPL,XNAS,0.9997944235801697,100,223.0,SELL
1749578666000000000,AAPL,XNAS,0.9997430443763733,100,18.0,SELL
1749578667000000000,AAPL,XNAS,0.9996877908706665,100,40.0,BUY
1749578671000000000,AAPL,XNAS,0.9996916055679321,100,30.0,BUY
1749578672000000000,AAPL,XNAS,0.9993738532066345,100,2166.0,BUY
1749578673000000000,AAPL,XNAS,0.9990804195404053,100,903.0,SELL
1749578674000000000,AAPL,XNAS,0.9992325305938721,100,1028.0,SELL
1749578675000000000,AAPL,XNAS,0.9994860291481018,100,400.0,BUY
1749578677000000000,AAPL,XNAS,0.9990202188491821,100,1590.0,SELL
1749578678000000000,AAPL,XNAS,0.9989206790924072,100,102.0,SELL
1749578679000000000,AAPL,XNAS,0.9989206790924072,100,101.0,SELL
1749578680000000000,AAPL,XNAS,0.9989206790924072,100,2.0,SELL
1749578685000000000,AAPL,XNAS,0.9994341135025024,100,100.0,BUY
1749578689000000000,AAPL,XNAS,0.9994845390319824,100,103.0,BUY
1749578690000000000,AAPL,XNAS,0.9996316432952881,100,306.0,SELL
1749578694000000000,AAPL,XNAS,0.9997944235801697,100,7.0,BUY
1749578713000000000,AAPL,XNAS,0.9996402263641357,100,1.0,UNKNOWN
1749578718000000000,AAPL,XNAS,0.9994860291481018,100,1.0,SELL
1749578731000000000,AAPL,XNAS,0.9994877576828003,100,911.0,SELL
1749578732000000000,AAPL,XNAS,0.999537467956543,100,20.0,SELL
1749578733000000000,AAPL,XNAS,0.9994860291481018,100,10.0,SELL
1749578736000000000,AAPL,XNAS,0.9995070099830627,100,216.0,BUY
1749578737000000000,AAPL,XNAS,0.9994860291481018,100,100.0,BUY
1749578745000000000,AAPL,XNAS,0.9994860291481018,100,201.0,BUY
1749578750000000000,AAPL,XNAS,0.9994860291481018,100,200.0,BUY
1749578797000000000,AAPL,XNAS,0.9995222687721252,100,339.0,BUY
1749578805000000000,AAPL,XNAS,0.9994860291481018,100,153.0,SELL
1749578815000000000,AAPL,XNAS,0.9997941851615906,100,245.0,SELL
1749578817000000000,AAPL,XNAS,0.9996402263641357,100,100.0,SELL
1749578863000000000,AAPL,XNAS,0.9999005794525146,100,318.0,SELL
1749578870000000000,AAPL,XNAS,1.0001541376113892,100,1.0,BUY
1749578872000000000,AAPL,XNAS,1.0001541376113892,100,100.0,SELL
1749578940000000000,AAPL,XNAS,1.000578761100769,100,92.0,SELL
1749578954000000000,AAPL,XNAS,1.0009379386901855,100,4.0,SELL
1749578992000000000,AAPL,XNAS,1.0009748935699463,100,316.0,BUY
1749579003000000000,AAPL,XNAS,0.9978286623954773,100,121.0,BUY
1749579036000000000,AAPL,XNAS,0.9980282783508301,100,91.0,SELL
1749579061000000000,AAPL,XNAS,0.9978286623954773,100,100.0,SELL
1749579065000000000,AAPL,XNAS,0.9977704286575317,100,592.0,BUY
1749579066000000000,AAPL,XNAS,0.997579038143158,100,175.0,SELL
1749579067000000000,AAPL,XNAS,0.9974792003631592,100,202.0,SELL
1749579070000000000,AAPL,XNAS,0.9977288246154785,100,105.0,SELL
1749579081000000000,AAPL,XNAS,0.9980525374412537,100,202.0,BUY
1749579090000000000,AAPL,XNAS,0.9978249669075012,100,204.0,BUY
1749579091000000000,AAPL,XNAS,0.9974523782730103,100,605.0,SELL
1749579094000000000,AAPL,XNAS,0.9970299601554871,100,63.0,SELL
1749579120000000000,AAPL,XNAS,0.9967740774154663,100,316.0,BUY
1749579142000000000,AAPL,XNAS,0.9970732927322388,100,392.0,SELL
1749579143000000000,AAPL,XNAS,0.9973211288452148,100,598.0,BUY
1749579209000000000,AAPL,XNAS,0.9979758858680725,100,202.0,BUY
1749579216000000000,AAPL,XNAS,0.997485339641571,100,851.0,BUY
1749579217000000000,AAPL,XNAS,0.9974293112754822,100,53.0,SELL
1749579249000000000,AAPL,XNAS,0.9976788759231567,100,4.0,SELL
1749579250000000000,AAPL,XNAS,0.9976788759231567,100,198.0,BUY
1749579267000000000,AAPL,XNAS,0.9977787137031555,100,2.0,UNKNOWN
1749579268000000000,AAPL,XNAS,0.9978885650634766,100,5.0,SELL
1749579269000000000,AAPL,XNAS,0.9978286623954773,100,100.0,SELL
1749579277000000000,AAPL,XNAS,0.9976788759231567,100,244.0,SELL
1749579280000000000,AAPL,XNAS,0.9976788759231567,100,101.0,SELL
1749579281000000000,AAPL,XNAS,0.9976788759231567,100,200.0,SELL
1749579283000000000,AAPL,XNAS,0.9975541234016418,100,200.0,BUY
1749579290000000000,AAPL,XNAS,0.9978756308555603,100,204.0,BUY
1749579291000000000,AAPL,XNAS,0.9981530904769897,100,200.0,SELL
1749579310000000000,AAPL,XNAS,0.9980782270431519,100,100.0,BUY
1749579317000000000,AAPL,XNAS,0.997529149055481,100,200.0,SELL
1749579321000000000,AAPL,XNAS,0.9973335862159729,100,219.0,SELL
1749579329000000000,AAPL,XNAS,0.9975226521492004,100,23.0,SELL
1749579344000000000,AAPL,XNAS,0.9973578453063965,100,176.0,SELL
1749579363000000000,AAPL,XNAS,0.9972296357154846,100,10.0,SELL
1749579374000000000,AAPL,XNAS,0.9976793527603149,100,111.0,SELL
1749579375000000000,AAPL,XNAS,0.9979284405708313,100,100.0,SELL
1749579380000000000,AAPL,XNAS,0.9978286623954773,100,202.0,SELL
1749579420000000000,AAPL,XNAS,0.998414933681488,100,271.0,BUY
1749579429000000000,AAPL,XNAS,0.998527467250824,100,100.0,BUY
1749579452000000000,AAPL,XNAS,0.9988439083099365,100,500.0,BUY
1749579461000000000,AAPL,XNAS,0.9993602633476257,100,19.0,BUY
1749579462000000000,AAPL,XNAS,0.9993760585784912,100,1.0,BUY
1749579465000000000,AAPL,XNAS,0.9993261098861694,100,100.0,BUY
1749579471000000000,AAPL,XNAS,0.9991264343261719,100,3.0,SELL
1749579475000000000,AAPL,XNAS,0.9988768696784973,100,453.0,BUY
1749579481000000000,AAPL,XNAS,0.9991264343261719,100,100.0,BUY
1749579492000000000,AAPL,XNAS,0.9993416666984558,100,296.0,BUY
1749579493000000000,AAPL,XNAS,0.9993760585784912,100,273.0,UNKNOWN
1749579498000000000,AAPL,XNAS,0.9996755719184875,100,12.0,BUY
1749579499000000000,AAPL,XNAS,0.9996755719184875,100,1.0,BUY
1749579511000000000,AAPL,XNAS,0.9999251365661621,100,33.0,BUY
1749579517000000000,AAPL,XNAS,0.9999750256538391,100,20.0,BUY
1749579528000000000,AAPL,XNAS,1.0001248121261597,100,1.0,BUY
1749579537000000000,AAPL,XNAS,1.0002385377883911,100,18.0,BUY
1749579543000000000,AAPL,XNAS,0.9998440742492676,100,319.0,BUY
1749579551000000000,AAPL,XNAS,1.0000739097595215,100,102.0,SELL
1749579553000000000,AAPL,XNAS,1.000074863433838,100,100.0,BUY
1749579556000000000,AAPL,XNAS,1.0003743171691895,100,2.0,BUY
1749579604000000000,AAPL,XNAS,0.990864634513855,99,10.0,SELL
1749579688000000000,AAPL,XNAS,0.9914788007736206,99,32.0,SELL
1749579749000000000,AAPL,XNAS,0.9930196404457092,99,656.0,SELL
1749579773000000000,AAPL,XNAS,0.9947030544281006,99,218.0,BUY
1749579846000000000,AAPL,XNAS,0.9947030544281006,99,100.0,BUY
1749579875000000000,AAPL,XNAS,0.9956265091896057,100,203.0,BUY
1749579908000000000,AAPL,XNAS,0.9939976930618286,99,211.0,BUY
1749579949000000000,AAPL,XNAS,0.9931676983833313,99,2.0,BUY
1749579962000000000,AAPL,XNAS,0.993358850479126,99,245.0,BUY
1749579964000000000,AAPL,XNAS,0.9936794638633728,99,218.0,SELL
1749579974000000000,AAPL,XNAS,0.9939865469932556,99,5.0,BUY
1749579976000000000,AAPL,XNAS,0.9939865469932556,99,5.0,BUY
1749579982000000000,AAPL,XNAS,0.9943959712982178,99,77.0,BUY
1749579990000000000,AAPL,XNAS,0.9942936301231384,99,5.0,BUY
1749579992000000000,AAPL,XNAS,0.9939865469932556,99,5.0,SELL
1749579993000000000,AAPL,XNAS,0.9935259222984314,99,102.0,SELL
1749579996000000000,AAPL,XNAS,0.9935259222984314,99,100.0,BUY
1749580063000000000,AAPL,XNAS,0.9937818050384521,99,1082.0,SELL
1749580064000000000,AAPL,XNAS,0.9939865469932556,99,2.0,UNKNOWN
1749580109000000000,AAPL,XNAS,0.9931676983833313,99,1.0,BUY
1749580126000000000,AAPL,XNAS,0.9915065765380859,99,59.0,SELL
1749580136000000000,AAPL,XNAS,0.9908134937286377,99,6.0,SELL
1749580154000000000,AAPL,XNAS,0.9908161163330078,99,97.0,BUY
1749580209000000000,AAPL,XNAS,0.9992990493774414,100,101.0,SELL
1749580212000000000,AAPL,XNAS,0.999202311038971,100,10.0,BUY
1749580213000000000,AAPL,XNAS,0.9990089535713196,100,168.0,SELL
1749580214000000000,AAPL,XNAS,0.9989784955978394,100,100.0,SELL
1749580249000000000,AAPL,XNAS,0.998946487903595,100,588.0,SELL
1749580253000000000,AAPL,XNAS,0.999202311038971,100,1.0,SELL
1749580269000000000,AAPL,XNAS,0.999202311038971,100,1.0,SELL
1749580272000000000,AAPL,XNAS,0.9990089535713196,100,100.0,SELL
1749580283000000000,AAPL,XNAS,0.9990089535713196,100,76.0,SELL
1749580300000000000,AAPL,XNAS,0.9989510178565979,100,412.0,SELL
1749580302000000000,AAPL,XNAS,0.9990572929382324,100,94.0,SELL
1749580304000000000,AAPL,XNAS,0.9989213347434998,100,480.0,SELL
1749580311000000000,AAPL,XNAS,0.9986908435821533,100,241.0,BUY
1749580318000000000,AAPL,XNAS,0.998046338558197,100,69.0,SELL
1749580320000000000,AAPL,XNAS,0.9984772205352783,100,100.0,BUY
1749580354000000000,AAPL,XNAS,0.9980734586715698,100,299.0,BUY
1749580359000000000,AAPL,XNAS,0.9985241293907166,100,101.0,SELL
1749580361000000000,AAPL,XNAS,0.9983804821968079,100,100.0,BUY
1749580389000000000,AAPL,XNAS,0.9979454278945923,100,200.0,SELL
1749580416000000000,AAPL,XNAS,0.9977037310600281,100,143.0,BUY
1749580426000000000,AAPL,XNAS,0.9974125623703003,100,306.0,BUY
1749580427000000000,AAPL,XNAS,0.9973169565200806,100,1.0,UNKNOWN
1749580433000000000,AAPL,XNAS,0.9973652958869934,100,1.0,UNKNOWN
1749580451000000000,AAPL,XNAS,0.9975496530532837,100,305.0,SELL
1749580485000000000,AAPL,XNAS,0.9973352551460266,100,296.0,SELL
1749580488000000000,AAPL,XNAS,0.9973652958869934,100,1.0,SELL
1749580491000000000,AAPL,XNAS,0.9971727728843689,100,236.0,BUY
1749580492000000000,AAPL,XNAS,0.996881902217865,100,86.0,BUY
1749580493000000000,AAPL,XNAS,0.9964467883110046,100,100.0,SELL
1749580494000000000,AAPL,XNAS,0.9969764351844788,100,91.0,BUY
1749580495000000000,AAPL,XNAS,0.9967851638793945,100,8.0,SELL
1749580515000000000,AAPL,XNAS,0.9966884851455688,100,134.0,BUY
1749580517000000000,AAPL,XNAS,0.9961578249931335,100,172.0,SELL
1749580525000000000,AAPL,XNAS,0.9961567521095276,100,300.0,SELL
1749580533000000000,AAPL,XNAS,0.9961084127426147,100,117.0,BUY
1749580552000000000,AAPL,XNAS,0.9957233667373657,100,28.0,SELL
1749580553000000000,AAPL,XNAS,0.9955766201019287,100,10.0,BUY
1749580561000000000,AAPL,XNAS,0.9954316020011902,100,1.0,SELL
1749580570000000000,AAPL,XNAS,0.994940996170044,99,276.0,SELL
1749580571000000000,AAPL,XNAS,0.995271623134613,100,291.0,SELL
1749580573000000000,AAPL,XNAS,0.9951415061950684,100,4.0,SELL
1749580612000000000,AAPL,XNAS,0.9949570298194885,99,491.0,BUY
1749580618000000000,AAPL,XNAS,0.9946581125259399,99,106.0,SELL
1749580630000000000,AAPL,XNAS,0.994948148727417,99,1.0,SELL
1749580634000000000,AAPL,XNAS,0.9954120516777039,100,408.0,BUY
1749580635000000000,AAPL,XNAS,0.9947656393051147,99,200.0,SELL
1749580652000000000,AAPL,XNAS,0.9951888918876648,100,102.0,BUY
1749580690000000000,AAPL,XNAS,0.9948026537895203,99,203.0,BUY
1749580691000000000,AAPL,XNAS,0.9948031306266785,99,3.0,BUY
1749580708000000000,AAPL,XNAS,0.9947547912597656,99,1.0,SELL
1749580709000000000,AAPL,XNAS,0.9945709109306335,99,391.0,BUY
1749580726000000000,AAPL,XNAS,0.9947547912597656,99,1.0,SELL
1749580758000000000,AAPL,XNAS,0.9952400922775269,100,408.0,BUY
1749580771000000000,AAPL,XNAS,0.9945291876792908,99,300.0,SELL
1749580778000000000,AAPL,XNAS,0.9941534399986267,99,123.0,BUY
1749580779000000000,AAPL,XNAS,0.9938362836837769,99,90.0,SELL
1749580781000000000,AAPL,XNAS,0.9942471981048584,99,2.0,SELL
1749580800000000000,AAPL,XNAS,1.0000709295272827,100,1.0,SELL
1749580827000000000,AAPL,XNAS,1.0001025199890137,100,3.0,SELL
1749580832000000000,AAPL,XNAS,1.0001182556152344,100,1.0,SELL
1749580845000000000,AAPL,XNAS,1.0001182556152344,100,2.0,SELL
1749580854000000000,AAPL,XNAS,0.9999570250511169,100,159.0,BUY
1749580886000000000,AAPL,XNAS,0.9997398853302002,100,2.0,BUY
1749580888000000000,AAPL,XNAS,0.9994997382164001,100,257.0,SELL
1749580911000000000,AAPL,XNAS,0.9993615746498108,100,100.0,SELL
1749580947000000000,AAPL,XNAS,0.9995034337043762,100,2.0,SELL
1749580964000000000,AAPL,XNAS,0.9993084669113159,100,163.0,BUY
1749580970000000000,AAPL,XNAS,0.9991246461868286,100,101.0,BUY
1749581025000000000,AAPL,XNAS,0.9993606209754944,100,102.0,BUY
1749581028000000000,AAPL,XNAS,0.9991251230239868,100,147.0,SELL
1749581038000000000,AAPL,XNAS,0.9990777969360352,100,20.0,BUY
1749581039000000000,AAPL,XNAS,0.9990777969360352,100,1.0,SELL
1749581066000000000,AAPL,XNAS,0.9989875555038452,100,22.0,SELL
1749581068000000000,AAPL,XNAS,0.9988930821418762,100,32.0,SELL
1749581070000000000,AAPL,XNAS,0.9988293051719666,100,47.0,BUY
1749581087000000000,AAPL,XNAS,0.9982795119285583,100,227.0,SELL
1749581088000000000,AAPL,XNAS,0.9980373978614807,100,4.0,BUY
1749581117000000000,AAPL,XNAS,0.9977536797523499,100,3.0,BUY
1749581123000000000,AAPL,XNAS,0.9977536797523499,100,1.0,BUY
1749581124000000000,AAPL,XNAS,0.9973642230033875,100,17.0,SELL
1749581128000000000,AAPL,XNAS,0.9980373978614807,100,69.0,BUY
1749581138000000000,AAPL,XNAS,0.9980847239494324,100,2.0,BUY
1749581148000000000,AAPL,XNAS,0.9978955388069153,100,1.0,BUY
1749581154000000000,AAPL,XNAS,0.9975172281265259,100,89.0,BUY
1749581161000000000,AAPL,XNAS,0.9972334504127502,100,3.0,SELL
1749581166000000000,AAPL,XNAS,0.9971388578414917,100,36.0,SELL
1749581167000000000,AAPL,XNAS,0.9969024062156677,100,1.0,BUY
1749581170000000000,AAPL,XNAS,0.9964295029640198,100,84.0,BUY
1749581172000000000,AAPL,XNAS,0.9967132210731506,100,1.0,SELL
1749581174000000000,AAPL,XNAS,0.9965713620185852,100,2.0,BUY
1749581199000000000,AAPL,XNAS,0.9963822364807129,100,1.0,SELL
1749581203000000000,AAPL,XNAS,0.9964317679405212,100,21.0,BUY
1749581218000000000,AAPL,XNAS,0.9967605471611023,100,29.0,BUY
1749581221000000000,AAPL,XNAS,0.9970095157623291,100,136.0,BUY
1749581226000000000,AAPL,XNAS,0.997137725353241,100,121.0,BUY
1749581228000000000,AAPL,XNAS,0.9969024062156677,100,1.0,BUY
1749581229000000000,AAPL,XNAS,0.9969969987869263,100,1.0,BUY
1749581231000000000,AAPL,XNAS,0.9967605471611023,100,1.0,BUY
1749581239000000000,AAPL,XNAS,0.9970442652702332,100,2.0,BUY
1749581271000000000,AAPL,XNAS,0.9970915913581848,100,1.0,SELL
1749581272000000000,AAPL,XNAS,0.9969969987869263,100,1.0,SELL
1749581290000000000,AAPL,XNAS,0.9970915913581848,100,1.0,BUY
1749581297000000000,AAPL,XNAS,0.9970915913581848,100,2.0,SELL
1749581300000000000,AAPL,XNAS,0.9970442652702332,100,20.0,BUY
1749581317000000000,AAPL,XNAS,0.9969497323036194,100,1.0,SELL
1749581318000000000,AAPL,XNAS,0.996624231338501,100,102.0,SELL
1749581319000000000,AAPL,XNAS,0.9969478249549866,100,101.0,BUY
1749581345000000000,AAPL,XNAS,0.9966186881065369,100,1.0,UNKNOWN
1749581346000000000,AAPL,XNAS,0.9962876439094543,100,6.0,SELL
1749581355000000000,AAPL,XNAS,0.9965713620185852,100,2.0,SELL
1749581369000000000,AAPL,XNAS,0.9969733357429504,100,200.0,BUY
1749581385000000000,AAPL,XNAS,0.9971861839294434,100,100.0,BUY
1749581389000000000,AAPL,XNAS,0.997067928314209,100,4.0,SELL
1749581392000000000,AAPL,XNAS,0.9972334504127502,100,100.0,BUY
1749581427000000000,AAPL,XNAS,0.9962671399116516,100,10.0,SELL
1749581522000000000,AAPL,XNAS,0.9965488910675049,100,1.0,BUY
1749581571000000000,AAPL,XNAS,0.9959854483604431,100,10.0,UNKNOWN
1749581624000000000,AAPL,XNAS,0.9961262941360474,100,1.0,BUY
1749581681000000000,AAPL,XNAS,0.9964080452919006,100,69.0,BUY
1749581683000000000,AAPL,XNAS,0.9965488910675049,100,5.0,BUY
1749581709000000000,AAPL,XNAS,0.9965488910675049,100,1.0,BUY
1749581722000000000,AAPL,XNAS,0.9963610768318176,100,1.0,UNKNOWN
1749581761000000000,AAPL,XNAS,0.9965488910675049,100,100.0,BUY
1749581766000000000,AAPL,XNAS,0.9966897368431091,100,31.0,BUY
1749581802000000000,AAPL,XNAS,0.9960384964942932,100,23.0,BUY
1749581902000000000,AAPL,XNAS,0.9957506656646729,100,223.0,SELL
1749581919000000000,AAPL,XNAS,0.9956567883491516,100,106.0,UNKNOWN
1749581920000000000,AAPL,XNAS,0.9954689741134644,100,20.0,SELL
1749581933000000000,AAPL,XNAS,0.9953844547271729,100,125.0,BUY
1749581937000000000,AAPL,XNAS,0.9953280687332153,100,1.0,BUY
1749581981000000000,AAPL,XNAS,0.9949994087219238,99,1.0,SELL
1749582021000000000,AAPL,XNAS,0.9999266266822815,100,90.0,BUY
1749582029000000000,AAPL,XNAS,1.0002918243408203,100,169.0,BUY
1749582035000000000,AAPL,XNAS,0.9996337294578552,100,101.0,BUY
1749582069000000000,AAPL,XNAS,0.9988508224487305,100,1.0,SELL
1749582118000000000,AAPL,XNAS,0.9997799396514893,100,19.0,BUY
1749582157000000000,AAPL,XNAS,0.9984759092330933,100,3.0,SELL
1749582207000000000,AAPL,XNAS,0.9974560141563416,100,440.0,BUY
1749582314000000000,AAPL,XNAS,0.9980422258377075,100,297.0,BUY
1749582339000000000,AAPL,XNAS,0.9973325729370117,100,106.0,SELL
1749582419000000000,AAPL,XNAS,0.9963813424110413,100,4.0,SELL
1749582521000000000,AAPL,XNAS,0.99580317735672,100,248.0,SELL
1749582553000000000,AAPL,XNAS,0.9952810406684875,100,200.0,SELL
1749582589000000000,AAPL,XNAS,0.9943519234657288,99,1.0,BUY
1749582632000000000,AAPL,XNAS,1.0009100437164307,100,2.0,SELL
1749582676000000000,AAPL,XNAS,1.001222014427185,100,101.0,SELL
1749582677000000000,AAPL,XNAS,1.001170039176941,100,1.0,SELL
1749582698000000000,AAPL,XNAS,1.0015860795974731,100,200.0,SELL
1749582706000000000,AAPL,XNAS,1.0013235807418823,100,253.0,SELL
1749582779000000000,AAPL,XNAS,1.0013259649276733,100,1.0,BUY
1749582819000000000,AAPL,XNAS,1.0009845495224,100,249.0,BUY
1749582820000000000,AAPL,XNAS,1.0004940032958984,100,23.0,UNKNOWN
1749582821000000000,AAPL,XNAS,1.0002859830856323,100,100.0,SELL
1749582822000000000,AAPL,XNAS,1.000131607055664,100,65.0,SELL
1749582827000000000,AAPL,XNAS,1.0000779628753662,100,4.0,SELL
1749582830000000000,AAPL,XNAS,0.9999740123748779,100,1.0,SELL
1749582838000000000,AAPL,XNAS,0.999921977519989,100,1.0,SELL
1749582843000000000,AAPL,XNAS,0.9996100068092346,100,48.0,SELL
1749582845000000000,AAPL,XNAS,0.9990900158882141,100,100.0,BUY
1749582895000000000,AAPL,XNAS,0.9986220002174377,100,100.0,SELL
1749582908000000000,AAPL,XNAS,0.9984139800071716,100,100.0,BUY
1749582927000000000,AAPL,XNAS,0.9987260103225708,100,206.0,BUY
1749582946000000000,AAPL,XNAS,0.9985699653625488,100,6.0,UNKNOWN
1749582953000000000,AAPL,XNAS,0.9986220002174377,100,3.0,SELL
1749582972000000000,AAPL,XNAS,0.9983620047569275,100,11.0,SELL
1749583010000000000,AAPL,XNAS,0.9981799721717834,100,200.0,SELL
1749583014000000000,AAPL,XNAS,0.9986220002174377,100,102.0,SELL
1749583016000000000,AAPL,XNAS,0.9990379810333252,100,376.0,BUY
1749583025000000000,AAPL,XNAS,0.998986005783081,100,1.0,BUY
1749583067000000000,AAPL,XNAS,0.9985179901123047,100,204.0,BUY
1749583110000000000,AAPL,XNAS,0.9986739754676819,100,1.0,SELL
1749583116000000000,AAPL,XNAS,0.9986960887908936,100,127.0,BUY
1749583119000000000,AAPL,XNAS,0.9990900158882141,100,16.0,BUY
1749583123000000000,AAPL,XNAS,0.9991019368171692,100,436.0,BUY
1749583128000000000,AAPL,XNAS,0.9990324378013611,100,112.0,BUY
1749583186000000000,AAPL,XNAS,0.998986005783081,100,20.0,BUY
1749583192000000000,AAPL,XNAS,0.9987260103225708,100,203.0,BUY
1749583200000000000,AAPL,XNAS,1.0003910064697266,100,14.0,SELL
1749583207000000000,AAPL,XNAS,0.9998390078544617,100,162.0,UNKNOWN
1749583229000000000,AAPL,XNAS,0.999148964881897,100,200.0,BUY
1749583237000000000,AAPL,XNAS,0.9985509514808655,100,47.0,SELL
1749583263000000000,AAPL,XNAS,0.9989649653434753,100,1.0,BUY
1749583287000000000,AAPL,XNAS,0.9977942109107971,100,357.0,BUY
1749583294000000000,AAPL,XNAS,0.996756911277771,100,1.0,SELL
1749583297000000000,AAPL,XNAS,0.9963849782943726,100,59.0,BUY
1749583311000000000,AAPL,XNAS,0.995560884475708,100,2.0,BUY
1749583335000000000,AAPL,XNAS,0.9964316487312317,100,493.0,SELL
1749583338000000000,AAPL,XNAS,0.9976769089698792,100,69.0,SELL
1749583340000000000,AAPL,XNAS,0.9976769089698792,100,21.0,BUY
1749583350000000000,AAPL,XNAS,0.9981369376182556,100,300.0,SELL
1749583354000000000,AAPL,XNAS,0.9992409944534302,100,100.0,SELL
1749583444000000000,AAPL,XNAS,1.0014030933380127,100,3.0,SELL
1749583463000000000,AAPL,XNAS,1.0010731220245361,100,76.0,BUY
1749583591000000000,AAPL,XNAS,1.0023690462112427,100,39.0,SELL
1749583597000000000,AAPL,XNAS,1.0021390914916992,100,69.0,BUY
1749583619000000000,AAPL,XNAS,1.0005290508270264,100,203.0,BUY
1749583631000000000,AAPL,XNAS,0.9997009634971619,100,2.0,SELL
1749583726000000000,AAPL,XNAS,0.9993138313293457,100,72.0,SELL
1749583757000000000,AAPL,XNAS,1.0002683401107788,100,300.0,BUY
1749583779000000000,AAPL,XNAS,1.0002989768981934,100,100.0,BUY
1749583800000000000,AAPL,XNAS,0.9985151886940002,100,17.0,BUY
1749583844000000000,AAPL,XNAS,0.9982131719589233,100,3.0,SELL
1749583854000000000,AAPL,XNAS,0.9979615211486816,100,81.0,SELL
1749583859000000000,AAPL,XNAS,0.9982131719589233,100,1.0,BUY
1749583861000000000,AAPL,XNAS,0.9982634782791138,100,1.0,SELL
1749583869000000000,AAPL,XNAS,0.9981628060340881,100,10.0,BUY
1749583918000000000,AAPL,XNAS,0.9977601766586304,100,100.0,BUY
1749583919000000000,AAPL,XNAS,0.9975084662437439,100,3.0,SELL
1749583928000000000,AAPL,XNAS,0.9972467422485352,100,5.0,SELL
1749583954000000000,AAPL,XNAS,0.9972568154335022,100,2.0,SELL
1749583963000000000,AAPL,XNAS,0.9978104829788208,100,1.0,BUY
1749583965000000000,AAPL,XNAS,0.9976595044136047,100,1.0,BUY
1749583996000000000,AAPL,XNAS,0.9973564147949219,100,189.0,BUY
1749584014000000000,AAPL,XNAS,0.9972568154335022,100,2.0,BUY
1749584023000000000,AAPL,XNAS,0.9974581599235535,100,101.0,BUY
1749584059000000000,AAPL,XNAS,0.9971561431884766,100,1.0,SELL
1749584069000000000,AAPL,XNAS,0.9972065091133118,100,85.0,SELL
1749584075000000000,AAPL,XNAS,0.9972568154335022,100,2.0,SELL
1749584122000000000,AAPL,XNAS,0.9970051646232605,100,2.0,SELL
1749584133000000000,AAPL,XNAS,0.9972065091133118,100,2.0,BUY
1749584144000000000,AAPL,XNAS,0.9974581599235535,100,2.0,BUY
1749584145000000000,AAPL,XNAS,0.9975252747535706,100,300.0,BUY
1749584148000000000,AAPL,XNAS,0.9976934790611267,100,151.0,BUY
1749584182000000000,AAPL,XNAS,0.9980688691139221,100,548.0,BUY
1749584203000000000,AAPL,XNAS,0.9976091384887695,100,486.0,BUY
1749584257000000000,AAPL,XNAS,0.9971058368682861,100,76.0,SELL
1749584283000000000,AAPL,XNAS,0.9971058368682861,100,2.0,SELL
1749584308000000000,AAPL,XNAS,0.9976091384887695,100,1.0,BUY
1749584321000000000,AAPL,XNAS,0.9974581599235535,100,12.0,BUY
1749584373000000000,AAPL,XNAS,0.9973574876785278,100,10.0,SELL
1749584376000000000,AAPL,XNAS,0.9973574876785278,100,10.0,BUY
1749584400000000000,AAPL,XNAS,1.0003012418746948,100,1.0,BUY
1749584447000000000,AAPL,XNAS,1.0005524158477783,100,2.0,SELL
1749584478000000000,AAPL,XNAS,1.0006026029586792,100,13.0,SELL
1749584491000000000,AAPL,XNAS,1.0004962682724,100,34.0,SELL
1749584494000000000,AAPL,XNAS,1.000502109527588,100,1.0,SELL
1749584503000000000,AAPL,XNAS,1.0003012418746948,100,200.0,SELL
1749584640000000000,AAPL,XNAS,1.000502109527588,100,2.0,SELL
1749584692000000000,AAPL,XNAS,1.000863790512085,100,258.0,SELL
1749584693000000000,AAPL,XNAS,1.0010796785354614,100,2.0,BUY
1749584723000000000,AAPL,XNAS,1.0012052059173584,100,1.0,BUY
1749584736000000000,AAPL,XNAS,1.001016616821289,100,53.0,SELL
1749584737000000000,AAPL,XNAS,1.000903844833374,100,203.0,BUY
1749584760000000000,AAPL,XNAS,1.0008034706115723,100,2.0,SELL
1749584880000000000,AAPL,XNAS,1.0009641647338867,100,50.0,SELL
1749584907000000000,AAPL,XNAS,1.0008037090301514,100,225.0,BUY
1749584977000000000,AAPL,XNAS,1.000903844833374,100,1.0,BUY
1749584978000000000,AAPL,XNAS,1.0008034706115723,100,1.0,BUY
1749585000000000000,AAPL,XNAS,1.000514030456543,100,104.0,SELL
1749585007000000000,AAPL,XNAS,1.000467300415039,100,20.0,SELL
1749585021000000000,AAPL,XNAS,1.0006074905395508,100,65.0,BUY
1749585039000000000,AAPL,XNAS,1.0006542205810547,100,146.0,SELL
1749585062000000000,AAPL,XNAS,1.0009074211120605,100,466.0,SELL
1749585072000000000,AAPL,XNAS,1.001261591911316,100,14.0,SELL
1749585074000000000,AAPL,XNAS,1.0013083219528198,100,6.0,BUY
1749585076000000000,AAPL,XNAS,1.0011792182922363,100,375.0,BUY
1749585081000000000,AAPL,XNAS,1.0010180473327637,100,75.0,BUY
1749585132000000000,AAPL,XNAS,1.0009344816207886,100,2.0,SELL
1749585133000000000,AAPL,XNAS,1.0010874271392822,100,166.0,BUY
1749585149000000000,AAPL,XNAS,1.0011701583862305,100,93.0,SELL
1749585174000000000,AAPL,XNAS,1.0013083219528198,100,10.0,BUY
1749585180000000000,AAPL,XNAS,1.001261591911316,100,2.0,SELL
1749585187000000000,AAPL,XNAS,1.001214861869812,100,35.0,BUY
1749585189000000000,AAPL,XNAS,1.0010746717453003,100,167.0,SELL
1749585194000000000,AAPL,XNAS,1.0010279417037964,100,20.0,BUY
1749585212000000000,AAPL,XNAS,1.0009812116622925,100,295.0,SELL
1749585222000000000,AAPL,XNAS,1.000927448272705,100,578.0,BUY
1749585250000000000,AAPL,XNAS,1.0004539489746094,100,140.0,SELL
1749585290000000000,AAPL,XNAS,1.0005607604980469,100,23.0,BUY
1749585295000000000,AAPL,XNAS,1.0005607604980469,100,194.0,SELL
1749585303000000000,AAPL,XNAS,1.000467300415039,100,53.0,SELL
1749585316000000000,AAPL,XNAS,1.000514030456543,100,43.0,SELL
1749585317000000000,AAPL,XNAS,1.000514030456543,100,36.0,SELL
1749585320000000000,AAPL,XNAS,1.000467300415039,100,100.0,SELL
1749585340000000000,AAPL,XNAS,1.000467300415039,100,104.0,BUY
1749585341000000000,AAPL,XNAS,1.0004205703735352,100,20.0,BUY
1749585352000000000,AAPL,XNAS,1.0003738403320312,100,46.0,SELL
1749585393000000000,AAPL,XNAS,1.0003271102905273,100,3.0,UNKNOWN
1749585404000000000,AAPL,XNAS,1.0004205703735352,100,100.0,SELL
1749585407000000000,AAPL,XNAS,1.0005607604980469,100,4.0,BUY
1749585415000000000,AAPL,XNAS,1.000467300415039,100,102.0,BUY
1749585416000000000,AAPL,XNAS,1.0002803802490234,100,8.0,SELL
1749585432000000000,AAPL,XNAS,1.0001869201660156,100,10.0,BUY
1749585435000000000,AAPL,XNAS,1.0002336502075195,100,20.0,SELL
1749585455000000000,AAPL,XNAS,1.0002065896987915,100,19.0,SELL
1749585463000000000,AAPL,XNAS,1.000349521636963,100,198.0,SELL
1749585466000000000,AAPL,XNAS,1.0006542205810547,100,3.0,BUY
1749585477000000000,AAPL,XNAS,1.0007009506225586,100,20.0,BUY
1749585494000000000,AAPL,XNAS,1.0007476806640625,100,200.0,UNKNOWN
1749585496000000000,AAPL,XNAS,1.0008859634399414,100,104.0,BUY
1749585506000000000,AAPL,XNAS,1.0006542205810547,100,19.0,SELL
1749585539000000000,AAPL,XNAS,1.0007476806640625,100,87.0,SELL
1749585552000000000,AAPL,XNAS,1.0009942054748535,100,36.0,BUY
1749585556000000000,AAPL,XNAS,1.0007476806640625,100,50.0,SELL
1749585575000000000,AAPL,XNAS,1.000670075416565,100,235.0,BUY
1749585577000000000,AAPL,XNAS,1.0006542205810547,100,11.0,BUY
1749585600000000000,AAPL,XNAS,0.9986934065818787,100,384.0,BUY
1749585602000000000,AAPL,XNAS,0.9984877109527588,100,3.0,SELL
1749585612000000000,AAPL,XNAS,0.9985389709472656,100,1.0,BUY
1749585623000000000,AAPL,XNAS,0.9988114833831787,100,326.0,SELL
1749585626000000000,AAPL,XNAS,0.9992054104804993,100,2.0,BUY
1749585631000000000,AAPL,XNAS,0.9992566704750061,100,3.0,BUY
1749585656000000000,AAPL,XNAS,0.9993079304695129,100,5.0,SELL
1749585658000000000,AAPL,XNAS,0.9993591904640198,100,3.0,SELL
1749585664000000000,AAPL,XNAS,0.9991697669029236,100,144.0,SELL
1749585679000000000,AAPL,XNAS,0.9993207454681396,100,8.0,SELL
1749585716000000000,AAPL,XNAS,0.9990259408950806,100,200.0,BUY
1749585728000000000,AAPL,XNAS,0.9985560178756714,100,300.0,BUY
1749585735000000000,AAPL,XNAS,0.9983595013618469,100,10.0,SELL
1749585765000000000,AAPL,XNAS,0.9980149269104004,100,131.0,SELL
1749585775000000000,AAPL,XNAS,0.9977186918258667,100,7.0,SELL
1749585821000000000,AAPL,XNAS,0.9975546002388,100,149.0,SELL
1749585842000000000,AAPL,XNAS,0.9977699518203735,100,23.0,BUY
1749585853000000000,AAPL,XNAS,0.9977699518203735,100,1.0,SELL
1749585862000000000,AAPL,XNAS,0.9979237914085388,100,104.0,SELL
1749585863000000000,AAPL,XNAS,0.9979211091995239,100,211.0,SELL
1749585906000000000,AAPL,XNAS,0.9981288313865662,100,3.0,BUY
1749585909000000000,AAPL,XNAS,0.9979237914085388,100,23.0,BUY
1749585912000000000,AAPL,XNAS,0.9979237914085388,100,1.0,BUY
1749585932000000000,AAPL,XNAS,0.9984115362167358,100,565.0,SELL
1749585943000000000,AAPL,XNAS,0.999051570892334,100,1.0,SELL
1749585959000000000,AAPL,XNAS,0.9988465309143066,100,102.0,SELL
1749585973000000000,AAPL,XNAS,0.9986516833305359,100,357.0,BUY
1749585974000000000,AAPL,XNAS,0.9980519413948059,100,4.0,SELL
1749586009000000000,AAPL,XNAS,0.9991541504859924,100,3.0,SELL
1749586027000000000,AAPL,XNAS,0.999051570892334,100,1.0,SELL
1749586033000000000,AAPL,XNAS,0.999051570892334,100,2.0,BUY
1749586048000000000,AAPL,XNAS,0.9990003108978271,100,1.0,SELL
1749586062000000000,AAPL,XNAS,0.9991028904914856,100,3.0,BUY
1749586070000000000,AAPL,XNAS,0.9993079304695129,100,100.0,SELL
1749586073000000000,AAPL,XNAS,0.999615490436554,100,3.0,BUY
1749586078000000000,AAPL,XNAS,0.9997180700302124,100,6.0,BUY
1749586080000000000,AAPL,XNAS,0.999615490436554,100,3.0,BUY
1749586092000000000,AAPL,XNAS,0.9994104504585266,100,9.0,BUY
1749586095000000000,AAPL,XNAS,0.9994104504585266,100,2.0,BUY
1749586122000000000,AAPL,XNAS,0.9992566704750061,100,1.0,BUY
1749586141000000000,AAPL,XNAS,0.9991028904914856,100,1.0,SELL
1749586153000000000,AAPL,XNAS,0.9991028904914856,100,2.0,SELL
1749586203000000000,AAPL,XNAS,1.0000241994857788,100,419.0,BUY
1749586238000000000,AAPL,XNAS,0.9999757409095764,100,2.0,SELL
1749586281000000000,AAPL,XNAS,0.9997818470001221,100,458.0,SELL
1749586282000000000,AAPL,XNAS,1.0000241994857788,100,230.0,SELL
1749586284000000000,AAPL,XNAS,1.0001484155654907,100,187.0,BUY
1749586325000000000,AAPL,XNAS,1.0003150701522827,100,92.0,SELL
1749586329000000000,AAPL,XNAS,1.000168800354004,100,183.0,BUY
1749586342000000000,AAPL,XNAS,1.0004605054855347,100,10.0,BUY
1749586348000000000,AAPL,XNAS,1.0005089044570923,100,10.0,BUY
1749586370000000000,AAPL,XNAS,1.0004605054855347,100,10.0,BUY
1749586400000000000,AAPL,XNAS,1.0004605054855347,100,94.0,BUY
1749586404000000000,AAPL,XNAS,1.0005089044570923,100,15.0,BUY
1749586441000000000,AAPL,XNAS,0.9998788237571716,100,90.0,SELL
1749586487000000000,AAPL,XNAS,0.9997596144676208,100,457.0,BUY
1749586488000000000,AAPL,XNAS,0.999345600605011,100,3.0,BUY
1749586490000000000,AAPL,XNAS,0.9996364712715149,100,10.0,BUY
1749586497000000000,AAPL,XNAS,0.9996849298477173,100,85.0,SELL
1749586557000000000,AAPL,XNAS,1.0001696348190308,100,1.0,BUY
1749586565000000000,AAPL,XNAS,1.0003150701522827,100,2.0,BUY
1749586594000000000,AAPL,XNAS,0.9999757409095764,100,90.0,SELL
1749586628000000000,AAPL,XNAS,0.9995394945144653,100,22.0,SELL
1749586775000000000,AAPL,XNAS,0.9994910359382629,100,90.0,SELL
1749586782000000000,AAPL,XNAS,0.9994587302207947,100,300.0,SELL
1749586787000000000,AAPL,XNAS,0.9994425773620605,100,1.0,SELL
1749586788000000000,AAPL,XNAS,0.9997052550315857,100,117.0,BUY
1749586836000000000,AAPL,XNAS,1.0048279762268066,100,405.0,BUY
1749586844000000000,AAPL,XNAS,1.0047270059585571,100,100.0,BUY
1749586859000000000,AAPL,XNAS,1.0049394369125366,100,18.0,BUY
1749586869000000000,AAPL,XNAS,1.0047035217285156,100,452.0,BUY
1749586870000000000,AAPL,XNAS,1.0048588514328003,100,224.0,SELL
1749586877000000000,AAPL,XNAS,1.005470633506775,101,10.0,BUY
1749586878000000000,AAPL,XNAS,1.005794882774353,101,114.0,SELL
1749586884000000000,AAPL,XNAS,1.006585955619812,101,10.0,BUY
1749586893000000000,AAPL,XNAS,1.0060700178146362,101,404.0,BUY
1749586940000000000,AAPL,XNAS,1.0047801733016968,100,1.0,SELL
1749586956000000000,AAPL,XNAS,1.005518913269043,101,11.0,BUY
1749586992000000000,AAPL,XNAS,1.005795955657959,101,63.0,BUY
1749586998000000000,AAPL,XNAS,1.006585955619812,101,4.0,BUY
1749586999000000000,AAPL,XNAS,1.0068515539169312,101,4.0,BUY
1749587028000000000,AAPL,XNAS,1.0065327882766724,101,1.0,UNKNOWN
1749587035000000000,AAPL,XNAS,1.0060149431228638,101,400.0,BUY
1749587036000000000,AAPL,XNAS,1.0052050352096558,101,25.0,SELL
1749587051000000000,AAPL,XNAS,1.0048863887786865,100,1.0,SELL
1749587082000000000,AAPL,XNAS,1.0052580833435059,101,100.0,BUY
1749587102000000000,AAPL,XNAS,1.005470633506775,101,10.0,SELL
1749587108000000000,AAPL,XNAS,1.005948543548584,101,4.0,BUY
1749587110000000000,AAPL,XNAS,1.0054174661636353,101,100.0,BUY
1749587122000000000,AAPL,XNAS,1.005847454071045,101,52.0,BUY
1749587145000000000,AAPL,XNAS,1.0061784982681274,101,149.0,BUY
1749587173000000000,AAPL,XNAS,1.0054174661636353,101,100.0,SELL
1749587184000000000,AAPL,XNAS,1.0048348903656006,100,194.0,SELL
1749587187000000000,AAPL,XNAS,1.0047270059585571,100,1.0,SELL
1749587224000000000,AAPL,XNAS,1.0048332214355469,100,100.0,SELL
1749587236000000000,AAPL,XNAS,1.0056298971176147,101,100.0,BUY
1749587272000000000,AAPL,XNAS,1.0055768489837646,101,10.0,BUY
1749587322000000000,AAPL,XNAS,1.005523681640625,101,100.0,BUY
1749587325000000000,AAPL,XNAS,1.0058954954147339,101,2.0,BUY
1749587336000000000,AAPL,XNAS,1.0054174661636353,101,2.0,SELL
1749587376000000000,AAPL,XNAS,1.0049394369125366,100,401.0,UNKNOWN
1749587384000000000,AAPL,XNAS,1.005098819732666,101,22.0,SELL
