ts_ns,symbol,venue,price,price_ticks,size,aggressor_side
1749391277000000000,AAPL,XNAS,1.0008684396743774,100,1.0,BUY
1749391288000000000,AAPL,XNAS,1.000510811805725,100,300.0,SELL
1749391292000000000,AAPL,XNAS,1.00020432472229,100,15.0,SELL
1749391310000000000,AAPL,XNAS,1.0007662773132324,100,186.0,SELL
1749391343000000000,AAPL,XNAS,1.0011725425720215,100,373.0,SELL
1749391426000000000,AAPL,XNAS,1.0019922256469727,100,1.0,UNKNOWN
1749391431000000000,AAPL,XNAS,1.00224769115448,100,1.0,BUY
1749391492000000000,AAPL,XNAS,1.0021710395812988,100,20.0,BUY
1749391503000000000,AAPL,XNAS,1.0020473003387451,100,13.0,BUY
1749391528000000000,AAPL,XNAS,1.00204336643219,100,9.0,BUY
1749391531000000000,AAPL,XNAS,1.00224769115448,100,1.0,BUY
1749391551000000000,AAPL,XNAS,1.002145528793335,100,2.0,SELL
1749391576000000000,AAPL,XNAS,1.00265634059906,100,100.0,BUY
1749391609000000000,AAPL,XNAS,1.0022859573364258,100,402.0,BUY
1749391626000000000,AAPL,XNAS,1.0020943880081177,100,1.0,SELL
1749391657000000000,AAPL,XNAS,1.0022987127304077,100,1.0,SELL
1749391671000000000,AAPL,XNAS,1.0028462409973145,100,128.0,SELL
1749391673000000000,AAPL,XNAS,1.0030649900436401,100,4.0,SELL
1749391686000000000,AAPL,XNAS,1.0031160116195679,100,1.0,SELL
1749391704000000000,AAPL,XNAS,1.0035247802734375,100,100.0,BUY
1749391708000000000,AAPL,XNAS,1.0038822889328003,100,11.0,BUY
1749391731000000000,AAPL,XNAS,1.0039334297180176,100,1.0,BUY
1749391791000000000,AAPL,XNAS,1.0038312673568726,100,1.0,SELL
1749391798000000000,AAPL,XNAS,1.0038901567459106,100,13.0,SELL
1749391800000000000,AAPL,XNAS,0.999891459941864,100,48.0,SELL
1749391819000000000,AAPL,XNAS,1.0001012086868286,100,244.0,BUY
1749391821000000000,AAPL,XNAS,0.9999517202377319,100,2.0,SELL
1749391827000000000,AAPL,XNAS,1.0001929998397827,100,100.0,BUY
1749391837000000000,AAPL,XNAS,0.9999517202377319,100,5.0,SELL
1749391850000000000,AAPL,XNAS,1.0000965595245361,100,3.0,BUY
1749391857000000000,AAPL,XNAS,0.9997587203979492,100,5.0,BUY
1749391860000000000,AAPL,XNAS,0.9996622204780579,100,3.0,SELL
1749391874000000000,AAPL,XNAS,0.9998552203178406,100,6.0,BUY
1749391879000000000,AAPL,XNAS,0.9999463558197021,100,225.0,SELL
1749391943000000000,AAPL,XNAS,0.9997105002403259,100,24.0,SELL
1749391955000000000,AAPL,XNAS,0.9998230934143066,100,150.0,SELL
1749392004000000000,AAPL,XNAS,0.9998399615287781,100,568.0,BUY
1749392013000000000,AAPL,XNAS,0.9995228052139282,100,100.0,SELL
1749392024000000000,AAPL,XNAS,0.9997587203979492,100,1.0,SELL
1749392027000000000,AAPL,XNAS,0.9996091723442078,100,100.0,SELL
1749392039000000000,AAPL,XNAS,0.999950647354126,100,173.0,SELL
1749392040000000000,AAPL,XNAS,1.0,100,100.0,BUY
1749392057000000000,AAPL,XNAS,0.9998552203178406,100,90.0,SELL
1749392078000000000,AAPL,XNAS,0.9997920989990234,100,321.0,BUY
1749392123000000000,AAPL,XNAS,0.9995511174201965,100,350.0,SELL
1749392124000000000,AAPL,XNAS,0.9995174407958984,100,100.0,SELL
1749392125000000000,AAPL,XNAS,0.9995174407958984,100,100.0,SELL
1749392129000000000,AAPL,XNAS,0.9993566274642944,100,3.0,SELL
1749392130000000000,AAPL,XNAS,0.9992223381996155,100,112.0,BUY
1749392131000000000,AAPL,XNAS,0.9989143013954163,100,2.0,SELL
1749392133000000000,AAPL,XNAS,0.9987695217132568,100,2.0,SELL
1749392134000000000,AAPL,XNAS,0.9986971616744995,100,1.0,SELL
1749392135000000000,AAPL,XNAS,0.9983735680580139,100,17.0,SELL
1749392137000000000,AAPL,XNAS,0.998262882232666,100,1.0,SELL
1749392138000000000,AAPL,XNAS,0.9984558820724487,100,10.0,SELL
1749392159000000000,AAPL,XNAS,0.998231053352356,100,150.0,SELL
1749392160000000000,AAPL,XNAS,0.9984741806983948,100,74.0,BUY
1749392166000000000,AAPL,XNAS,0.9984076619148254,100,1.0,BUY
1749392174000000000,AAPL,XNAS,0.9982079267501831,100,172.0,BUY
1749392187000000000,AAPL,XNAS,0.9986006617546082,100,90.0,BUY
1749392188000000000,AAPL,XNAS,0.9983111619949341,100,20.0,SELL
1749392195000000000,AAPL,XNAS,0.998214602470398,100,8.0,SELL
1749392214000000000,AAPL,XNAS,0.9980200529098511,100,92.0,BUY
1749392215000000000,AAPL,XNAS,0.9976751804351807,100,100.0,SELL
1749392230000000000,AAPL,XNAS,0.9977529644966125,100,412.0,BUY
1749392243000000000,AAPL,XNAS,0.9974969029426575,100,230.0,SELL
1749392245000000000,AAPL,XNAS,0.997394323348999,100,1.0,BUY
1749392246000000000,AAPL,XNAS,0.9972013235092163,100,1.0,SELL
1749392247000000000,AAPL,XNAS,0.9971530437469482,100,1.0,SELL
1749392260000000000,AAPL,XNAS,0.9976232647895813,100,231.0,SELL
1749392287000000000,AAPL,XNAS,0.9981181025505066,100,1.0,BUY
1749392307000000000,AAPL,XNAS,0.9983111619949341,100,100.0,BUY
1749392320000000000,AAPL,XNAS,0.9981181025505066,100,90.0,BUY
1749392372000000000,AAPL,XNAS,0.9984558820724487,100,12.0,BUY
1749392377000000000,AAPL,XNAS,0.9986488819122314,100,1.0,SELL
1749392399000000000,AAPL,XNAS,0.9984558820724487,100,230.0,SELL
1749392413000000000,AAPL,XNAS,0.9990703463554382,100,3.0,SELL
1749392436000000000,AAPL,XNAS,0.9986489415168762,100,137.0,SELL
1749392469000000000,AAPL,XNAS,0.9978784918785095,100,6.0,SELL
1749392476000000000,AAPL,XNAS,0.9976401329040527,100,1.0,SELL
1749392478000000000,AAPL,XNAS,0.9979825019836426,100,110.0,SELL
1749392499000000000,AAPL,XNAS,0.9977354407310486,100,2.0,SELL
1749392506000000000,AAPL,XNAS,0.9976877570152283,100,3.0,SELL
1749392528000000000,AAPL,XNAS,0.9976877570152283,100,1.0,SELL
1749392552000000000,AAPL,XNAS,0.9976460337638855,100,233.0,SELL
1749392557000000000,AAPL,XNAS,0.9971633553504944,100,1.0,SELL
1749392571000000000,AAPL,XNAS,0.9973064064979553,100,1.0,SELL
1749392648000000000,AAPL,XNAS,0.9971209764480591,100,9.0,SELL
1749392688000000000,AAPL,XNAS,0.9977359175682068,100,404.0,SELL
1749392689000000000,AAPL,XNAS,0.9977831244468689,100,84.0,SELL
1749392691000000000,AAPL,XNAS,0.9977831244468689,100,105.0,SELL
1749392701000000000,AAPL,XNAS,0.9977831244468689,100,73.0,SELL
1749392702000000000,AAPL,XNAS,0.9977831244468689,100,38.0,BUY
1749392716000000000,AAPL,XNAS,0.9974970817565918,100,103.0,BUY
1749392730000000000,AAPL,XNAS,0.9969726800918579,100,3.0,SELL
1749392765000000000,AAPL,XNAS,0.9968759417533875,100,206.0,BUY
1749392768000000000,AAPL,XNAS,0.9966389536857605,100,1.0,BUY
1749392783000000000,AAPL,XNAS,0.9962575435638428,100,9.0,UNKNOWN
1749392821000000000,AAPL,XNAS,0.996019184589386,100,6.0,SELL
1749392855000000000,AAPL,XNAS,0.9957275986671448,100,104.0,BUY
1749392862000000000,AAPL,XNAS,0.9955401420593262,100,21.0,SELL
1749392879000000000,AAPL,XNAS,0.9954947233200073,100,3.0,SELL
1749392898000000000,AAPL,XNAS,0.9954472780227661,100,201.0,SELL
1749392917000000000,AAPL,XNAS,0.9960142374038696,100,349.0,SELL
1749392932000000000,AAPL,XNAS,0.9957345724105835,100,100.0,SELL
1749392985000000000,AAPL,XNAS,0.9963057041168213,100,92.0,SELL
1749392986000000000,AAPL,XNAS,0.9964482188224792,100,1.0,BUY
1749393000000000000,AAPL,XNAS,0.9942825436592102,99,100.0,SELL
1749393082000000000,AAPL,XNAS,0.9942885637283325,99,230.0,BUY
1749393234000000000,AAPL,XNAS,0.984606146812439,98,474.0,BUY
1749393238000000000,AAPL,XNAS,0.9872103929519653,99,6.0,BUY
1749393262000000000,AAPL,XNAS,0.9795412421226501,98,200.0,SELL
1749393264000000000,AAPL,XNAS,0.9796702265739441,98,173.0,BUY
1749393268000000000,AAPL,XNAS,0.9761699438095093,98,51.0,SELL
1749393276000000000,AAPL,XNAS,0.979566216468811,98,904.0,SELL
1749393388000000000,AAPL,XNAS,0.9801841378211975,98,103.0,SELL
1749393394000000000,AAPL,XNAS,0.9781656861305237,98,302.0,BUY
1749393395000000000,AAPL,XNAS,0.9795871376991272,98,100.0,BUY
1749393400000000000,AAPL,XNAS,0.9780257344245911,98,300.0,BUY
1749393412000000000,AAPL,XNAS,0.9804596900939941,98,50.0,BUY
1749393426000000000,AAPL,XNAS,0.9787605404853821,98,300.0,BUY
1749393429000000000,AAPL,XNAS,0.9811025857925415,98,100.0,BUY
1749393438000000000,AAPL,XNAS,0.9811484217643738,98,458.0,SELL
1749393453000000000,AAPL,XNAS,0.9848682880401611,98,100.0,BUY
1749393462000000000,AAPL,XNAS,0.9829854369163513,98,120.0,BUY
1749393464000000000,AAPL,XNAS,0.9846386909484863,98,100.0,BUY
1749393470000000000,AAPL,XNAS,0.9846553802490234,98,330.0,SELL
1749393480000000000,AAPL,XNAS,0.9867741465568542,99,200.0,BUY
1749393488000000000,AAPL,XNAS,0.9842253923416138,98,99.0,SELL
1749393500000000000,AAPL,XNAS,0.9864734411239624,99,415.0,SELL
1749393509000000000,AAPL,XNAS,0.9847705364227295,98,1445.0,BUY
1749393522000000000,AAPL,XNAS,0.9849754571914673,98,300.0,SELL
1749393571000000000,AAPL,XNAS,0.9869807958602905,99,300.0,SELL
1749393653000000000,AAPL,XNAS,0.9951000809669495,100,2.0,BUY
1749393655000000000,AAPL,XNAS,0.9954131245613098,100,17.0,BUY
1749393656000000000,AAPL,XNAS,0.9954162240028381,100,4.0,UNKNOWN
1749393672000000000,AAPL,XNAS,0.9953108429908752,100,2.0,BUY
1749393677000000000,AAPL,XNAS,0.9959782361984253,100,600.0,BUY
1749393687000000000,AAPL,XNAS,0.9961011409759521,100,100.0,BUY
1749393688000000000,AAPL,XNAS,0.9962108135223389,100,432.0,SELL
1749393690000000000,AAPL,XNAS,0.9980047941207886,100,320.0,BUY
1749393707000000000,AAPL,XNAS,0.9987796545028687,100,327.0,SELL
1749393762000000000,AAPL,XNAS,0.9995784759521484,100,1.0,SELL
1749393774000000000,AAPL,XNAS,0.9998946189880371,100,1.0,BUY
1749393777000000000,AAPL,XNAS,1.0006322860717773,100,17.0,BUY
1749393779000000000,AAPL,XNAS,1.0010536909103394,100,3.0,BUY
1749393818000000000,AAPL,XNAS,0.9996838569641113,100,102.0,SELL
1749393819000000000,AAPL,XNAS,0.9988935589790344,100,201.0,BUY
1749393863000000000,AAPL,XNAS,0.998630166053772,100,2.0,SELL
1749393867000000000,AAPL,XNAS,0.9986827969551086,100,1.0,SELL
1749393883000000000,AAPL,XNAS,0.9987354874610901,100,1.0,SELL
1749393902000000000,AAPL,XNAS,0.9987881779670715,100,1.0,BUY
1749393912000000000,AAPL,XNAS,0.9986827969551086,100,2.0,SELL
1749393977000000000,AAPL,XNAS,0.9971638917922974,100,222.0,BUY
1749393978000000000,AAPL,XNAS,0.9961187243461609,100,3.0,SELL
1749394029000000000,AAPL,XNAS,0.996680736541748,100,1.0,BUY
1749394032000000000,AAPL,XNAS,0.996680736541748,100,2.0,SELL
1749394048000000000,AAPL,XNAS,0.9955891966819763,100,106.0,BUY
1749394051000000000,AAPL,XNAS,0.9929035902023315,99,145.0,SELL
1749394066000000000,AAPL,XNAS,0.9940990805625916,99,221.0,BUY
1749394073000000000,AAPL,XNAS,0.9928872585296631,99,3.0,BUY
1749394079000000000,AAPL,XNAS,0.992992639541626,99,1.0,SELL
1749394092000000000,AAPL,XNAS,0.9934141039848328,99,2.0,SELL
1749394152000000000,AAPL,XNAS,0.9934667944908142,99,2.0,BUY
1749394158000000000,AAPL,XNAS,0.9935194849967957,99,101.0,BUY
1749394170000000000,AAPL,XNAS,0.9924484491348267,99,317.0,SELL
1749394185000000000,AAPL,XNAS,0.9924130439758301,99,1.0,SELL
1749394221000000000,AAPL,XNAS,0.9996586441993713,100,488.0,SELL
1749394225000000000,AAPL,XNAS,0.9996586441993713,100,203.0,SELL
1749394232000000000,AAPL,XNAS,0.9996586441993713,100,268.0,SELL
1749394235000000000,AAPL,XNAS,0.9996586441993713,100,132.0,SELL
1749394236000000000,AAPL,XNAS,0.9996586441993713,100,200.0,SELL
1749394240000000000,AAPL,XNAS,0.9996586441993713,100,338.0,SELL
1749394260000000000,AAPL,XNAS,0.9999512434005737,100,1.0,BUY
1749394277000000000,AAPL,XNAS,0.9996586441993713,100,49.0,SELL
1749394293000000000,AAPL,XNAS,1.000314712524414,100,249.0,SELL
1749394386000000000,AAPL,XNAS,1.0003412961959839,100,6.0,SELL
1749394418000000000,AAPL,XNAS,1.0000975131988525,100,239.0,SELL
1749394439000000000,AAPL,XNAS,0.9996586441993713,100,18.0,SELL
1749394444000000000,AAPL,XNAS,0.9999512434005737,100,6.0,BUY
1749394470000000000,AAPL,XNAS,1.0002437829971313,100,107.0,BUY
1749394476000000000,AAPL,XNAS,1.0002437829971313,100,1.0,BUY
1749394477000000000,AAPL,XNAS,1.0003412961959839,100,101.0,BUY
1749394533000000000,AAPL,XNAS,1.0002437829971313,100,5.0,SELL
1749394562000000000,AAPL,XNAS,1.0006194114685059,100,114.0,BUY
1749394606000000000,AAPL,XNAS,1.0010240077972412,100,81.0,BUY
1749394607000000000,AAPL,XNAS,1.0010240077972412,100,2.0,BUY
1749394610000000000,AAPL,XNAS,1.0003900527954102,100,70.0,SELL
1749394618000000000,AAPL,XNAS,1.0003271102905273,100,404.0,SELL
1749394629000000000,AAPL,XNAS,1.0002437829971313,100,26.0,BUY
1749394679000000000,AAPL,XNAS,1.0002925395965576,100,1.0,BUY
1749394708000000000,AAPL,XNAS,1.0006827116012573,100,9.0,BUY
1749394740000000000,AAPL,XNAS,1.0003900527954102,100,2.0,SELL
1749394757000000000,AAPL,XNAS,1.0008289813995361,100,101.0,BUY
1749394764000000000,AAPL,XNAS,1.0012022256851196,100,139.0,BUY
1749394765000000000,AAPL,XNAS,1.0015811920166016,100,183.0,SELL
1749394817000000000,AAPL,XNAS,0.994679868221283,99,2.0,BUY
1749394831000000000,AAPL,XNAS,0.9948341250419617,99,1.0,SELL
1749394837000000000,AAPL,XNAS,0.9964556694030762,100,183.0,BUY
1749394877000000000,AAPL,XNAS,0.9966331720352173,100,1.0,BUY
1749394913000000000,AAPL,XNAS,0.9946286082267761,99,401.0,SELL
1749394914000000000,AAPL,XNAS,0.994525671005249,99,1.0,SELL
1749394915000000000,AAPL,XNAS,0.9932672381401062,99,58.0,SELL
1749394962000000000,AAPL,XNAS,0.9940630793571472,99,1.0,BUY
1749394987000000000,AAPL,XNAS,0.9958621263504028,100,24.0,BUY
1749394997000000000,AAPL,XNAS,0.9958621263504028,100,110.0,BUY
1749394998000000000,AAPL,XNAS,0.9965303540229797,100,33.0,SELL
1749395060000000000,AAPL,XNAS,0.9966331720352173,100,1.0,UNKNOWN
1749395077000000000,AAPL,XNAS,0.9951425194740295,100,400.0,SELL
1749395084000000000,AAPL,XNAS,0.9966331720352173,100,101.0,SELL
1749395087000000000,AAPL,XNAS,0.9966331720352173,100,51.0,BUY
1749395099000000000,AAPL,XNAS,0.9976097941398621,100,100.0,BUY
1749395102000000000,AAPL,XNAS,0.9975069761276245,100,8.0,BUY
1749395117000000000,AAPL,XNAS,0.9970957636833191,100,1.0,BUY
1749395120000000000,AAPL,XNAS,0.9961448311805725,100,200.0,SELL
1749395136000000000,AAPL,XNAS,0.9963247776031494,100,1.0,UNKNOWN
1749395197000000000,AAPL,XNAS,0.9963761568069458,100,1.0,BUY
1749395206000000000,AAPL,XNAS,0.9975069761276245,100,264.0,BUY
1749395237000000000,AAPL,XNAS,0.9970957636833191,100,1.0,BUY
1749395258000000000,AAPL,XNAS,0.9972500205039978,100,1.0,BUY
1749395284000000000,AAPL,XNAS,0.9981752038002014,100,256.0,SELL
1749395297000000000,AAPL,XNAS,0.9989462494850159,100,1.0,BUY
1749395317000000000,AAPL,XNAS,0.9976299405097961,100,408.0,BUY
1749395342000000000,AAPL,XNAS,0.998278021812439,100,1.0,SELL
1749395360000000000,AAPL,XNAS,0.9965419173240662,100,49.0,SELL
1749395365000000000,AAPL,XNAS,0.9959449172019958,100,303.0,BUY
1749395376000000000,AAPL,XNAS,0.9958621263504028,100,38.0,BUY
1749395380000000000,AAPL,XNAS,0.995399534702301,100,1.0,SELL
1749395390000000000,AAPL,XNAS,0.9968901872634888,100,132.0,SELL
1749395402000000000,AAPL,XNAS,0.9993270039558411,100,100.0,SELL
1749395435000000000,AAPL,XNAS,0.9991291165351868,100,372.0,BUY
1749395475000000000,AAPL,XNAS,0.998464822769165,100,226.0,SELL
1749395477000000000,AAPL,XNAS,0.9984469413757324,100,100.0,SELL
1749395486000000000,AAPL,XNAS,0.9989128708839417,100,294.0,SELL
1749395523000000000,AAPL,XNAS,0.9992926120758057,100,268.0,SELL
1749395710000000000,AAPL,XNAS,0.999794065952301,100,276.0,SELL
1749395730000000000,AAPL,XNAS,0.9995256662368774,100,454.0,BUY
1749395831000000000,AAPL,XNAS,1.0001553297042847,100,4.0,BUY
1749395851000000000,AAPL,XNAS,0.9991241097450256,100,620.0,SELL
1749395856000000000,AAPL,XNAS,1.0001553297042847,100,101.0,BUY
1749395859000000000,AAPL,XNAS,0.9990682005882263,100,50.0,SELL
1749395863000000000,AAPL,XNAS,0.9987841248512268,100,595.0,SELL
1749395888000000000,AAPL,XNAS,0.9988093376159668,100,2.0,SELL
1749396097000000000,AAPL,XNAS,1.0007802248001099,100,3.0,SELL
1749396099000000000,AAPL,XNAS,1.0007802248001099,100,63.0,SELL
1749396147000000000,AAPL,XNAS,1.0008305311203003,100,3.0,SELL
1749396208000000000,AAPL,XNAS,1.0008305311203003,100,3.0,SELL
1749396224000000000,AAPL,XNAS,1.0010322332382202,100,884.0,BUY
1749396268000000000,AAPL,XNAS,1.0010319948196411,100,3.0,BUY
1749396507000000000,AAPL,XNAS,1.0010319948196411,100,4.0,SELL
1749396537000000000,AAPL,XNAS,1.0013054609298706,100,353.0,BUY
1749396538000000000,AAPL,XNAS,1.001484990119934,100,71.0,SELL
1749396539000000000,AAPL,XNAS,1.001484990119934,100,29.0,BUY
1749396567000000000,AAPL,XNAS,1.001534104347229,100,331.0,SELL
1749396568000000000,AAPL,XNAS,1.001636028289795,100,1.0,BUY
1749396592000000000,AAPL,XNAS,1.001636028289795,100,5.0,BUY
1749396630000000000,AAPL,XNAS,1.0012332201004028,100,5.0,BUY
1749396647000000000,AAPL,XNAS,1.0005561113357544,100,100.0,SELL
1749396770000000000,AAPL,XNAS,1.001412272453308,100,362.0,BUY
1749396771000000000,AAPL,XNAS,1.0015716552734375,100,5.0,BUY
1749396772000000000,AAPL,XNAS,1.0016200542449951,100,5.0,BUY
1749396803000000000,AAPL,XNAS,1.0007416009902954,100,121.0,SELL
1749396824000000000,AAPL,XNAS,1.0015716552734375,100,9.0,BUY
1749396907000000000,AAPL,XNAS,1.0004409551620483,100,155.0,SELL
1749396915000000000,AAPL,XNAS,1.000937581062317,100,106.0,SELL
1749396929000000000,AAPL,XNAS,1.0005561113357544,100,5.0,SELL
1749397067000000000,AAPL,XNAS,1.0005561113357544,100,16.0,BUY
1749397105000000000,AAPL,XNAS,1.0000241994857788,100,105.0,SELL
1749397106000000000,AAPL,XNAS,1.0007011890411377,100,169.0,BUY
1749397157000000000,AAPL,XNAS,1.000910758972168,100,3.0,BUY
1749397173000000000,AAPL,XNAS,1.0010881423950195,100,2.0,BUY
1749397214000000000,AAPL,XNAS,0.9998329877853394,100,1.0,BUY
1749397228000000000,AAPL,XNAS,0.9998329877853394,100,1.0,BUY
1749397286000000000,AAPL,XNAS,1.0000770092010498,100,113.0,SELL
1749397288000000000,AAPL,XNAS,1.0003578662872314,100,1.0,BUY
1749397327000000000,AAPL,XNAS,1.0003101825714111,100,1.0,BUY
1749397355000000000,AAPL,XNAS,1.0001193284988403,100,1.0,BUY
1749397357000000000,AAPL,XNAS,0.9997506737709045,100,138.0,BUY
1749397363000000000,AAPL,XNAS,0.9995099306106567,100,405.0,SELL
1749397377000000000,AAPL,XNAS,0.9993081092834473,100,108.0,BUY
1749397402000000000,AAPL,XNAS,0.9994035363197327,100,171.0,SELL
1749397414000000000,AAPL,XNAS,0.9995467066764832,100,90.0,SELL
1749397430000000000,AAPL,XNAS,0.9995467066764832,100,20.0,SELL
1749397438000000000,AAPL,XNAS,0.9997871518135071,100,101.0,SELL
1749397441000000000,AAPL,XNAS,0.9999522566795349,100,2.0,BUY
1749397443000000000,AAPL,XNAS,1.0001016855239868,100,114.0,BUY
1749397541000000000,AAPL,XNAS,1.0001193284988403,100,5.0,BUY
1749397568000000000,AAPL,XNAS,0.999591588973999,100,102.0,BUY
1749397570000000000,AAPL,XNAS,0.9998807311058044,100,87.0,BUY
1749397571000000000,AAPL,XNAS,1.000036358833313,100,115.0,SELL
1749397581000000000,AAPL,XNAS,1.0003957748413086,100,223.0,SELL
1749397596000000000,AAPL,XNAS,1.0005964040756226,100,285.0,SELL
1749397618000000000,AAPL,XNAS,1.0004533529281616,100,100.0,SELL
1749397687000000000,AAPL,XNAS,1.0004055500030518,100,1.0,BUY
1749397737000000000,AAPL,XNAS,1.0003124475479126,100,21.0,BUY
1749397765000000000,AAPL,XNAS,1.0003101825714111,100,1.0,BUY
1749397794000000000,AAPL,XNAS,1.0000715255737305,100,90.0,SELL
1749397796000000000,AAPL,XNAS,0.9999761581420898,100,24.0,BUY
1749397800000000000,AAPL,XNAS,0.9997153282165527,100,100.0,SELL
1749397805000000000,AAPL,XNAS,0.9995813369750977,100,10.0,UNKNOWN
1749397813000000000,AAPL,XNAS,0.9995813369750977,100,1.0,UNKNOWN
1749397829000000000,AAPL,XNAS,0.9998276233673096,100,90.0,SELL
1749397830000000000,AAPL,XNAS,0.999512255191803,100,343.0,SELL
1749397842000000000,AAPL,XNAS,0.9997290968894958,100,7.0,SELL
1749397857000000000,AAPL,XNAS,0.9996798634529114,100,1.0,SELL
1749397858000000000,AAPL,XNAS,0.9996798634529114,100,19.0,SELL
1749397871000000000,AAPL,XNAS,0.9993351101875305,100,100.0,SELL
1749397873000000000,AAPL,XNAS,0.9989902973175049,100,5.0,SELL
1749397900000000000,AAPL,XNAS,0.9999343156814575,100,18.0,SELL
1749397902000000000,AAPL,XNAS,1.0004432201385498,100,28.0,SELL
1749397911000000000,AAPL,XNAS,1.0008126497268677,100,1.0,BUY
1749397939000000000,AAPL,XNAS,1.0001657009124756,100,155.0,BUY
1749397950000000000,AAPL,XNAS,1.0001723766326904,100,1.0,SELL
1749397961000000000,AAPL,XNAS,0.9997783899307251,100,1.0,SELL
1749397965000000000,AAPL,XNAS,0.9995321035385132,100,25.0,SELL
1749397997000000000,AAPL,XNAS,0.9993478655815125,100,331.0,SELL
1749398011000000000,AAPL,XNAS,0.9991380572319031,100,50.0,SELL
1749398029000000000,AAPL,XNAS,0.99906986951828,100,39.0,SELL
1749398030000000000,AAPL,XNAS,0.9988206624984741,100,54.0,BUY
1749398031000000000,AAPL,XNAS,0.9984977841377258,100,10.0,SELL
1749398075000000000,AAPL,XNAS,0.9991380572319031,100,20.0,SELL
1749398103000000000,AAPL,XNAS,0.9995321035385132,100,1.0,SELL
1749398166000000000,AAPL,XNAS,0.999876856803894,100,1.0,SELL
1749398173000000000,AAPL,XNAS,0.9998276233673096,100,20.0,BUY
1749398217000000000,AAPL,XNAS,0.9996306300163269,100,10.0,SELL
1749398230000000000,AAPL,XNAS,0.9995197653770447,100,4.0,BUY
1749398258000000000,AAPL,XNAS,1.0004117488861084,100,136.0,SELL
1749398261000000000,AAPL,XNAS,1.0008126497268677,100,100.0,SELL
1749398307000000000,AAPL,XNAS,1.0010589361190796,100,1.0,BUY
1749398310000000000,AAPL,XNAS,1.0006649494171143,100,6.0,SELL
1749398338000000000,AAPL,XNAS,1.0010097026824951,100,100.0,SELL
1749398356000000000,AAPL,XNAS,1.0010589361190796,100,1.0,BUY
1749398359000000000,AAPL,XNAS,1.001255989074707,100,141.0,SELL
1749398387000000000,AAPL,XNAS,1.0010589361190796,100,121.0,SELL
1749398395000000000,AAPL,XNAS,1.0020439624786377,100,221.0,UNKNOWN
1749398399000000000,AAPL,XNAS,1.0016992092132568,100,2.0,BUY
1749398402000000000,AAPL,XNAS,0.9958049058914185,100,291.0,SELL
1749398428000000000,AAPL,XNAS,0.9956794381141663,100,1.0,BUY
1749398436000000000,AAPL,XNAS,0.9964017868041992,100,52.0,BUY
1749398444000000000,AAPL,XNAS,0.9960790276527405,100,100.0,BUY
1749398472000000000,AAPL,XNAS,0.994830310344696,99,344.0,UNKNOWN
1749398475000000000,AAPL,XNAS,0.9952480792999268,100,220.0,BUY
1749398476000000000,AAPL,XNAS,0.9951665997505188,100,15.0,BUY
1749398482000000000,AAPL,XNAS,0.9945135116577148,99,152.0,SELL
1749398489000000000,AAPL,XNAS,0.9949302077293396,99,1.0,SELL
1749398490000000000,AAPL,XNAS,0.9951050281524658,100,20.0,BUY
1749398527000000000,AAPL,XNAS,0.9952298998832703,100,1.0,BUY
1749398542000000000,AAPL,XNAS,0.9949302077293396,99,2.0,BUY
1749398547000000000,AAPL,XNAS,0.995279848575592,100,1.0,BUY
1749398550000000000,AAPL,XNAS,0.9949302077293396,99,2.0,BUY
1749398602000000000,AAPL,XNAS,0.9952796697616577,100,283.0,SELL
1749398607000000000,AAPL,XNAS,0.9949801564216614,99,129.0,UNKNOWN
1749398608000000000,AAPL,XNAS,0.9945930242538452,99,8.0,SELL
1749398623000000000,AAPL,XNAS,0.9951466917991638,100,302.0,BUY
1749398664000000000,AAPL,XNAS,0.9947172403335571,99,110.0,SELL
1749398676000000000,AAPL,XNAS,0.9944260120391846,99,32.0,SELL
1749398677000000000,AAPL,XNAS,0.9943807721138,99,10.0,SELL
1749398685000000000,AAPL,XNAS,0.9940810799598694,99,2.0,SELL
1749398694000000000,AAPL,XNAS,0.994071364402771,99,185.0,SELL
1749398697000000000,AAPL,XNAS,0.9939636588096619,99,20.0,BUY
1749398708000000000,AAPL,XNAS,0.9936814904212952,99,3.0,SELL
1749398709000000000,AAPL,XNAS,0.9935815930366516,99,22.0,BUY
1749398710000000000,AAPL,XNAS,0.992858350276947,99,123.0,BUY
1749398713000000000,AAPL,XNAS,0.9932183623313904,99,368.0,SELL
1749398740000000000,AAPL,XNAS,0.9935815930366516,99,104.0,BUY
1749398778000000000,AAPL,XNAS,0.9927310347557068,99,249.0,BUY
1749398781000000000,AAPL,XNAS,0.9921830296516418,99,21.0,SELL
1749398786000000000,AAPL,XNAS,0.9922829270362854,99,5.0,SELL
1749398794000000000,AAPL,XNAS,0.9925326704978943,99,2.0,BUY
1749398795000000000,AAPL,XNAS,0.9927824139595032,99,103.0,BUY
1749398838000000000,AAPL,XNAS,0.9919872283935547,99,225.0,BUY
1749398840000000000,AAPL,XNAS,0.9912839531898499,99,2.0,BUY
1749398847000000000,AAPL,XNAS,0.9912839531898499,99,3.0,SELL
1749398867000000000,AAPL,XNAS,0.991047203540802,99,414.0,BUY
1749398868000000000,AAPL,XNAS,0.9913838505744934,99,5.0,BUY
1749398898000000000,AAPL,XNAS,0.9925960898399353,99,559.0,SELL
1749398941000000000,AAPL,XNAS,0.9939924478530884,99,31.0,BUY
1749398943000000000,AAPL,XNAS,0.9940810799598694,99,10.0,SELL
1749398947000000000,AAPL,XNAS,0.9945930242538452,99,4.0,SELL
1749398953000000000,AAPL,XNAS,0.9945458769798279,99,111.0,BUY
1749399038000000000,AAPL,XNAS,0.9998779892921448,100,3.0,UNKNOWN
1749399050000000000,AAPL,XNAS,0.9998779892921448,100,1.0,UNKNOWN
1749399060000000000,AAPL,XNAS,0.9997315406799316,100,100.0,SELL
1749399076000000000,AAPL,XNAS,0.9998227953910828,100,23.0,SELL
1749399078000000000,AAPL,XNAS,0.9997315406799316,100,22.0,SELL
1749399120000000000,AAPL,XNAS,0.9997315406799316,100,4.0,SELL
1749399122000000000,AAPL,XNAS,0.9997803568840027,100,3.0,SELL
1749399135000000000,AAPL,XNAS,0.9998047351837158,100,2.0,SELL
1749399149000000000,AAPL,XNAS,0.9996827244758606,100,5.0,SELL
1749399172000000000,AAPL,XNAS,1.000024437904358,100,33.0,SELL
1749399213000000000,AAPL,XNAS,1.0000731945037842,100,1.0,SELL
1749399220000000000,AAPL,XNAS,1.000024437904358,100,153.0,BUY
1749399252000000000,AAPL,XNAS,0.9998291730880737,100,1.0,UNKNOWN
1749399300000000000,AAPL,XNAS,1.000024437904358,100,1.0,BUY
1749399302000000000,AAPL,XNAS,1.000024437904358,100,2.0,BUY
1749399310000000000,AAPL,XNAS,1.000024437904358,100,1.0,BUY
1749399317000000000,AAPL,XNAS,1.0000687837600708,100,22.0,BUY
1749399361000000000,AAPL,XNAS,0.9999756217002869,100,2.0,BUY
1749399378000000000,AAPL,XNAS,0.9999756217002869,100,1.0,SELL
1749399436000000000,AAPL,XNAS,0.9999268054962158,100,3.0,SELL
1749399471000000000,AAPL,XNAS,0.9999268054962158,100,3.0,SELL
1749399476000000000,AAPL,XNAS,1.0002610683441162,100,528.0,BUY
1749399477000000000,AAPL,XNAS,1.0004637241363525,100,3.0,BUY
1749399494000000000,AAPL,XNAS,1.0005125999450684,100,1.0,SELL
1749399511000000000,AAPL,XNAS,1.0006102323532104,100,9.0,BUY
1749399515000000000,AAPL,XNAS,1.0003880262374878,100,100.0,SELL
1749399522000000000,AAPL,XNAS,1.0006757974624634,100,591.0,SELL
1749399523000000000,AAPL,XNAS,1.000903844833374,100,202.0,BUY
1749399536000000000,AAPL,XNAS,1.001049518585205,100,2.0,BUY
1749399539000000000,AAPL,XNAS,1.001049518585205,100,99.0,BUY
1749399540000000000,AAPL,XNAS,1.0011476278305054,100,101.0,BUY
1749399541000000000,AAPL,XNAS,1.0013424158096313,100,1.0,SELL
1749399590000000000,AAPL,XNAS,1.0017352104187012,100,132.0,SELL
1749399607000000000,AAPL,XNAS,1.0,100,8.0,BUY
1749399633000000000,AAPL,XNAS,1.0002435445785522,100,139.0,BUY
1749399658000000000,AAPL,XNAS,1.0004383325576782,100,39.0,BUY
1749399659000000000,AAPL,XNAS,1.0,100,7.0,SELL
1749399728000000000,AAPL,XNAS,1.0,100,8.0,SELL
1749399757000000000,AAPL,XNAS,0.9996814131736755,100,542.0,BUY
1749399761000000000,AAPL,XNAS,0.999902606010437,100,10.0,BUY
1749399855000000000,AAPL,XNAS,0.9992502927780151,100,284.0,BUY
1749399976000000000,AAPL,XNAS,0.9995130300521851,100,1.0,BUY
1749399980000000000,AAPL,XNAS,0.999610424041748,100,100.0,BUY
1749399981000000000,AAPL,XNAS,0.9996159076690674,100,80.0,BUY
1749399982000000000,AAPL,XNAS,0.9996591210365295,100,11.0,BUY
1749400082000000000,AAPL,XNAS,0.999902606010437,100,100.0,BUY
1749400155000000000,AAPL,XNAS,0.9994584918022156,100,84.0,SELL
1749400176000000000,AAPL,XNAS,0.9997565150260925,100,300.0,BUY
1749400189000000000,AAPL,XNAS,0.9996591210365295,100,1.0,SELL
1749400200000000000,AAPL,XNAS,1.000494122505188,100,21.0,BUY
1749400221000000000,AAPL,XNAS,0.9997472763061523,100,434.0,SELL
1749400229000000000,AAPL,XNAS,0.9998692870140076,100,100.0,SELL
1749400230000000000,AAPL,XNAS,0.9998692870140076,100,300.0,SELL
1749400236000000000,AAPL,XNAS,0.9996079206466675,100,18.0,SELL
1749400238000000000,AAPL,XNAS,0.9995869994163513,100,15.0,BUY
1749400249000000000,AAPL,XNAS,0.9990851879119873,100,1.0,SELL
1749400273000000000,AAPL,XNAS,0.9997124671936035,100,101.0,BUY
1749400336000000000,AAPL,XNAS,0.9989283680915833,100,56.0,SELL
1749400358000000000,AAPL,XNAS,0.9986147284507751,100,1.0,SELL
1749400361000000000,AAPL,XNAS,0.9989283680915833,100,1.0,BUY
1749400377000000000,AAPL,XNAS,0.9991374611854553,100,201.0,BUY
1749400401000000000,AAPL,XNAS,0.9989283680915833,100,26.0,BUY
1749400402000000000,AAPL,XNAS,0.9989283680915833,100,26.0,BUY
1749400403000000000,AAPL,XNAS,0.9989283680915833,100,26.0,BUY
1749400404000000000,AAPL,XNAS,0.9990851879119873,100,1.0,SELL
1749400411000000000,AAPL,XNAS,0.9992942810058594,100,123.0,BUY
1749400507000000000,AAPL,XNAS,0.9995033740997314,100,20.0,BUY
1749400548000000000,AAPL,XNAS,0.9997647404670715,100,17.0,BUY
1749400550000000000,AAPL,XNAS,0.9998049139976501,100,121.0,BUY
1749400553000000000,AAPL,XNAS,0.9998939037322998,100,17.0,BUY
1749400554000000000,AAPL,XNAS,0.9999912977218628,100,3.0,BUY
1749400555000000000,AAPL,XNAS,1.0000784397125244,100,2.0,BUY
1749400562000000000,AAPL,XNAS,1.0001306533813477,100,3.0,BUY
1749400563000000000,AAPL,XNAS,1.0001829862594604,100,100.0,BUY
1749400564000000000,AAPL,XNAS,1.0002875328063965,100,2.0,BUY
1749400565000000000,AAPL,XNAS,1.0003572702407837,100,6.0,BUY
1749400576000000000,AAPL,XNAS,1.0004442930221558,100,9.0,BUY
1749400577000000000,AAPL,XNAS,1.0004966259002686,100,1.0,BUY
1749400594000000000,AAPL,XNAS,1.0005528926849365,100,13.0,BUY
1749400596000000000,AAPL,XNAS,1.0007057189941406,100,3.0,BUY
1749400616000000000,AAPL,XNAS,1.0007579326629639,100,10.0,BUY
1749400620000000000,AAPL,XNAS,1.0007579326629639,100,1.0,BUY
1749400621000000000,AAPL,XNAS,1.0008811950683594,100,14.0,BUY
1749400624000000000,AAPL,XNAS,1.0012110471725464,100,3.0,BUY
1749400632000000000,AAPL,XNAS,1.0011239051818848,100,2.0,BUY
1749400654000000000,AAPL,XNAS,1.0004394054412842,100,21.0,SELL
1749400663000000000,AAPL,XNAS,1.0010716915130615,100,1.0,BUY
1749400703000000000,AAPL,XNAS,1.0012284517288208,100,2.0,BUY
1749400774000000000,AAPL,XNAS,1.0012832880020142,100,329.0,BUY
1749400793000000000,AAPL,XNAS,1.0011762380599976,100,97.0,SELL
1749400801000000000,AAPL,XNAS,1.000118374824524,100,100.0,BUY
1749400813000000000,AAPL,XNAS,1.0003561973571777,100,410.0,SELL
1749400845000000000,AAPL,XNAS,1.0004040002822876,100,1.0,SELL
1749400848000000000,AAPL,XNAS,1.0004515647888184,100,1.0,SELL
1749400880000000000,AAPL,XNAS,1.000570297241211,100,200.0,SELL
1749400925000000000,AAPL,XNAS,1.000689148902893,100,52.0,SELL
1749400938000000000,AAPL,XNAS,1.0008294582366943,100,21.0,SELL
1749401014000000000,AAPL,XNAS,1.0008317232131958,100,1.0,SELL
1749401015000000000,AAPL,XNAS,1.0008158683776855,100,299.0,BUY
1749401049000000000,AAPL,XNAS,1.000972867012024,100,101.0,BUY
1749401051000000000,AAPL,XNAS,1.0010218620300293,100,100.0,SELL
1749401058000000000,AAPL,XNAS,1.0009267330169678,100,100.0,BUY
1749401117000000000,AAPL,XNAS,1.0008317232131958,100,1.0,UNKNOWN
1749401145000000000,AAPL,XNAS,1.0007367134094238,100,200.0,BUY
1749401156000000000,AAPL,XNAS,1.0006415843963623,100,105.0,SELL
1749401183000000000,AAPL,XNAS,1.0004947185516357,100,11.0,SELL
1749401193000000000,AAPL,XNAS,1.0006415843963623,100,100.0,BUY
1749401202000000000,AAPL,XNAS,0.9999080896377563,100,2135.0,BUY
1749401203000000000,AAPL,XNAS,0.9993136525154114,100,170.0,SELL
1749401204000000000,AAPL,XNAS,0.9990660548210144,100,113.0,BUY
1749401211000000000,AAPL,XNAS,0.9983715415000916,100,530.0,SELL
1749401212000000000,AAPL,XNAS,0.9983120560646057,100,197.0,BUY
1749401213000000000,AAPL,XNAS,0.9980751276016235,100,100.0,BUY
1749401215000000000,AAPL,XNAS,0.9979800581932068,100,100.0,SELL
1749401216000000000,AAPL,XNAS,0.998312771320343,100,85.0,BUY
1749401217000000000,AAPL,XNAS,0.9984825253486633,100,700.0,SELL
1749401224000000000,AAPL,XNAS,0.9988983273506165,100,147.0,BUY
1749401225000000000,AAPL,XNAS,0.9991207718849182,100,100.0,BUY
1749401228000000000,AAPL,XNAS,0.9984553456306458,100,2.0,BUY
1749401229000000000,AAPL,XNAS,0.9982177019119263,100,9.0,SELL
1749401244000000000,AAPL,XNAS,0.9972196221351624,100,93.0,SELL
1749401245000000000,AAPL,XNAS,0.9977899789810181,100,102.0,UNKNOWN
1749401277000000000,AAPL,XNAS,0.998788058757782,100,100.0,SELL
1749401283000000000,AAPL,XNAS,0.9985979199409485,100,100.0,BUY
1749401347000000000,AAPL,XNAS,1.0002614259719849,100,24.0,BUY
1749401388000000000,AAPL,XNAS,1.0006436109542847,100,48.0,BUY
1749401398000000000,AAPL,XNAS,1.0006415843963623,100,100.0,BUY
1749401414000000000,AAPL,XNAS,1.0007106065750122,100,2.0,SELL
1749401416000000000,AAPL,XNAS,1.0006159543991089,100,1.0,SELL
1749401430000000000,AAPL,XNAS,1.0007106065750122,100,1.0,BUY
1749401455000000000,AAPL,XNAS,1.0003445148468018,100,11.0,BUY
1749401487000000000,AAPL,XNAS,0.9998578429222107,100,12.0,BUY
1749401517000000000,AAPL,XNAS,1.0002679824829102,100,253.0,SELL
1749401528000000000,AAPL,XNAS,1.0009535551071167,100,229.0,SELL
1749401529000000000,AAPL,XNAS,1.0012792348861694,100,2.0,SELL
1749401585000000000,AAPL,XNAS,1.0014686584472656,100,2.0,SELL
1749401620000000000,AAPL,XNAS,1.0021781921386719,100,39.0,SELL
1749401622000000000,AAPL,XNAS,1.0026531219482422,100,300.0,SELL
1749401663000000000,AAPL,XNAS,1.0033243894577026,100,24.0,BUY
1749401668000000000,AAPL,XNAS,1.003269076347351,100,1.0,SELL
1749401716000000000,AAPL,XNAS,1.0034111738204956,100,1.0,SELL
1749401717000000000,AAPL,XNAS,1.0034111738204956,100,3.0,SELL
1749401744000000000,AAPL,XNAS,1.0026094913482666,100,103.0,SELL
1749401815000000000,AAPL,XNAS,1.0032216310501099,100,100.0,SELL
1749401817000000000,AAPL,XNAS,1.003363847732544,100,3.0,SELL
1749401819000000000,AAPL,XNAS,1.0035532712936401,100,5.0,BUY
1749401847000000000,AAPL,XNAS,1.0038375854492188,100,198.0,BUY
1749401874000000000,AAPL,XNAS,1.0040271282196045,100,10.0,BUY
1749401875000000000,AAPL,XNAS,1.0042165517807007,100,1.0,SELL
1749401880000000000,AAPL,XNAS,1.004106044769287,100,18.0,BUY
1749401900000000000,AAPL,XNAS,1.0042165517807007,100,1.0,BUY
1749401924000000000,AAPL,XNAS,1.0045459270477295,100,101.0,SELL
1749401928000000000,AAPL,XNAS,1.0049272775650024,100,2.0,BUY
1749401948000000000,AAPL,XNAS,1.0048325061798096,100,100.0,BUY
1749401965000000000,AAPL,XNAS,1.0043587684631348,100,59.0,BUY
1749401993000000000,AAPL,XNAS,1.0035059452056885,100,72.0,BUY
1749402041000000000,AAPL,XNAS,1.0026217699050903,100,253.0,BUY
1749402064000000000,AAPL,XNAS,1.0045734643936157,100,10.0,BUY
1749402069000000000,AAPL,XNAS,1.004925012588501,100,16.0,BUY
1749402103000000000,AAPL,XNAS,1.0017828941345215,100,521.0,SELL
1749402104000000000,AAPL,XNAS,1.001086711883545,100,52.0,SELL
1749402185000000000,AAPL,XNAS,1.0035191774368286,100,10.0,BUY
1749402202000000000,AAPL,XNAS,1.0021300315856934,100,356.0,BUY
1749402222000000000,AAPL,XNAS,1.0021882057189941,100,33.0,SELL
1749402233000000000,AAPL,XNAS,1.0027977228164673,100,1.0,SELL
1749402249000000000,AAPL,XNAS,1.0039392709732056,100,334.0,SELL
1749402275000000000,AAPL,XNAS,1.0053411722183228,101,14.0,BUY
1749402313000000000,AAPL,XNAS,1.0046486854553223,100,401.0,SELL
1749402315000000000,AAPL,XNAS,1.0041850805282593,100,136.0,BUY
1749402367000000000,AAPL,XNAS,1.003537654876709,100,101.0,SELL
1749402394000000000,AAPL,XNAS,1.003537654876709,100,1.0,UNKNOWN
1749402431000000000,AAPL,XNAS,1.0027052164077759,100,138.0,SELL
1749402455000000000,AAPL,XNAS,1.0023353099822998,100,193.0,BUY
1749402504000000000,AAPL,XNAS,1.0021965503692627,100,1.0,SELL
1749402505000000000,AAPL,XNAS,1.0023815631866455,100,5.0,SELL
1749402523000000000,AAPL,XNAS,1.0019654035568237,100,2.0,SELL
1749402542000000000,AAPL,XNAS,1.0023815631866455,100,5.0,SELL
1749402559000000000,AAPL,XNAS,1.0019654035568237,100,180.0,SELL
1749402568000000000,AAPL,XNAS,1.0022428035736084,100,1.0,UNKNOWN
1749402658000000000,AAPL,XNAS,1.0001705884933472,100,1.0,BUY
1749402731000000000,AAPL,XNAS,0.9997422695159912,100,560.0,SELL
1749402783000000000,AAPL,XNAS,0.9996793270111084,100,195.0,SELL
1749402784000000000,AAPL,XNAS,0.9994880557060242,100,2.0,SELL
1749402789000000000,AAPL,XNAS,0.9999756217002869,100,90.0,BUY
1749402997000000000,AAPL,XNAS,1.0005013942718506,100,696.0,BUY
1749402998000000000,AAPL,XNAS,1.0006260871887207,100,304.0,SELL
1749403010000000000,AAPL,XNAS,1.00104820728302,100,1.0,BUY
1749403068000000000,AAPL,XNAS,1.00104820728302,100,1.0,BUY
1749403156000000000,AAPL,XNAS,1.0002681016921997,100,107.0,SELL
1749403178000000000,AAPL,XNAS,0.9999302625656128,100,143.0,SELL
1749403182000000000,AAPL,XNAS,1.000121831893921,100,8.0,SELL
1749403191000000000,AAPL,XNAS,1.0006581544876099,100,100.0,SELL
1749403241000000000,AAPL,XNAS,0.9999744296073914,100,490.0,BUY
1749403242000000000,AAPL,XNAS,0.9996674656867981,100,1.0,SELL
1749403284000000000,AAPL,XNAS,1.0000767707824707,100,256.0,SELL
1749403324000000000,AAPL,XNAS,1.0000767707824707,100,7.0,SELL
1749403401000000000,AAPL,XNAS,1.0002813339233398,100,1.0,SELL
1749403410000000000,AAPL,XNAS,1.000127911567688,100,23.0,SELL
1749403417000000000,AAPL,XNAS,1.000127911567688,100,41.0,SELL
1749403449000000000,AAPL,XNAS,1.0000756978988647,100,103.0,BUY
1749403473000000000,AAPL,XNAS,1.0003324747085571,100,34.0,BUY
1749403566000000000,AAPL,XNAS,1.0000767707824707,100,1.0,BUY
1749403598000000000,AAPL,XNAS,0.9996664524078369,100,98.0,SELL
1749403606000000000,AAPL,XNAS,0.9994117021560669,100,1.0,SELL
1749403674000000000,AAPL,XNAS,0.9999560117721558,100,347.0,SELL
1749403675000000000,AAPL,XNAS,1.0003345012664795,100,102.0,BUY
1749403684000000000,AAPL,XNAS,1.0001790523529053,100,2.0,SELL
1749403695000000000,AAPL,XNAS,1.0000256299972534,100,12.0,SELL
1749403740000000000,AAPL,XNAS,1.0000762939453125,100,219.0,SELL
1749403812000000000,AAPL,XNAS,1.0005134344100952,100,15.0,BUY
1749403816000000000,AAPL,XNAS,1.0003178119659424,100,200.0,BUY
1749403817000000000,AAPL,XNAS,1.0004645586013794,100,8.0,BUY
1749403836000000000,AAPL,XNAS,1.0000646114349365,100,206.0,BUY
1749403856000000000,AAPL,XNAS,0.9996821284294128,100,2.0,SELL
1749403872000000000,AAPL,XNAS,0.9998777508735657,100,20.0,BUY
1749403885000000000,AAPL,XNAS,1.000024437904358,100,15.0,BUY
1749403907000000000,AAPL,XNAS,0.9998288750648499,100,118.0,BUY
1749403914000000000,AAPL,XNAS,0.9998713731765747,100,452.0,SELL
1749403931000000000,AAPL,XNAS,0.9997799396514893,100,110.0,BUY
1749403950000000000,AAPL,XNAS,0.9994865655899048,100,300.0,BUY
1749403956000000000,AAPL,XNAS,0.9995843172073364,100,15.0,BUY
1749403962000000000,AAPL,XNAS,0.9997287392616272,100,21.0,BUY
1749403963000000000,AAPL,XNAS,0.9996821284294128,100,1.0,BUY
1749403964000000000,AAPL,XNAS,0.9998875260353088,100,5.0,BUY
1749403973000000000,AAPL,XNAS,1.000171184539795,100,21.0,SELL
1749404022000000000,AAPL,XNAS,1.000024437904358,100,5.0,BUY
1749404052000000000,AAPL,XNAS,0.9995843172073364,100,2.0,SELL
1749404083000000000,AAPL,XNAS,0.9998777508735657,100,3.0,SELL
1749404125000000000,AAPL,XNAS,1.0000925064086914,100,23.0,SELL
1749404141000000000,AAPL,XNAS,1.000122308731079,100,70.0,SELL
1749404143000000000,AAPL,XNAS,1.000171184539795,100,2.0,BUY
1749404145000000000,AAPL,XNAS,1.000171184539795,100,2.0,SELL
1749404178000000000,AAPL,XNAS,1.000252604484558,100,301.0,BUY
1749404203000000000,AAPL,XNAS,1.0004091262817383,100,15.0,BUY
1749404230000000000,AAPL,XNAS,1.000562310218811,100,1.0,BUY
1749404233000000000,AAPL,XNAS,1.000562310218811,100,3.0,BUY
1749404235000000000,AAPL,XNAS,1.0006113052368164,100,2.0,BUY
1749404236000000000,AAPL,XNAS,1.0007836818695068,100,76.0,BUY
1749404248000000000,AAPL,XNAS,1.0004156827926636,100,100.0,BUY
1749404260000000000,AAPL,XNAS,1.0002689361572266,100,59.0,SELL
1749404299000000000,AAPL,XNAS,1.000122308731079,100,194.0,SELL
1749404317000000000,AAPL,XNAS,1.0006113052368164,100,56.0,BUY
1749404323000000000,AAPL,XNAS,1.0004156827926636,100,1.0,BUY
1749404343000000000,AAPL,XNAS,1.0005134344100952,100,7.0,BUY
1749404346000000000,AAPL,XNAS,1.0006113052368164,100,6.0,BUY
1749404400000000000,AAPL,XNAS,1.000092625617981,100,810.0,SELL
1749404534000000000,AAPL,XNAS,1.000101089477539,100,10.0,SELL
1749404561000000000,AAPL,XNAS,1.0000869035720825,100,285.0,BUY
1749404611000000000,AAPL,XNAS,0.9997979402542114,100,10.0,SELL
1749404680000000000,AAPL,XNAS,0.9997519850730896,100,11.0,SELL
1749404742000000000,AAPL,XNAS,1.0,100,21.0,BUY
1749404751000000000,AAPL,XNAS,0.9998484253883362,100,10.0,SELL
1749404825000000000,AAPL,XNAS,0.9998484253883362,100,9.0,SELL
1749404839000000000,AAPL,XNAS,1.000101089477539,100,39.0,BUY
1749404854000000000,AAPL,XNAS,1.0002843141555786,100,236.0,BUY
1749404860000000000,AAPL,XNAS,1.0003031492233276,100,10.0,BUY
1749404864000000000,AAPL,XNAS,1.0004546642303467,100,201.0,BUY
1749404865000000000,AAPL,XNAS,1.0005589723587036,100,458.0,SELL
1749404986000000000,AAPL,XNAS,1.0004546642303467,100,296.0,UNKNOWN
1749405005000000000,AAPL,XNAS,0.9989316463470459,100,641.0,BUY
1749405046000000000,AAPL,XNAS,0.9996879696846008,100,118.0,SELL
1749405047000000000,AAPL,XNAS,0.9996770620346069,100,1.0,SELL
1749405078000000000,AAPL,XNAS,0.9992156624794006,100,100.0,SELL
1749405094000000000,AAPL,XNAS,0.9988022446632385,100,51.0,BUY
1749405132000000000,AAPL,XNAS,0.9992617964744568,100,3.0,BUY
1749405160000000000,AAPL,XNAS,0.9992156624794006,100,2.0,SELL
1749405177000000000,AAPL,XNAS,0.9992156624794006,100,1.0,SELL
1749405219000000000,AAPL,XNAS,0.9992156624794006,100,1.0,BUY
1749405265000000000,AAPL,XNAS,0.9990772604942322,100,95.0,SELL
1749405266000000000,AAPL,XNAS,0.9992617964744568,100,110.0,SELL
1749405280000000000,AAPL,XNAS,0.9993517994880676,100,20.0,BUY
1749405299000000000,AAPL,XNAS,0.9989388585090637,100,500.0,SELL
1749405300000000000,AAPL,XNAS,0.9986620545387268,100,100.0,BUY
1749405302000000000,AAPL,XNAS,0.9982468485832214,100,50.0,BUY
1749405340000000000,AAPL,XNAS,0.998108446598053,100,1.0,BUY
1749405382000000000,AAPL,XNAS,0.9971461296081543,100,350.0,BUY
1749405408000000000,AAPL,XNAS,0.9973709583282471,100,133.0,BUY
1749405478000000000,AAPL,XNAS,0.9973702430725098,100,1.0,BUY
1749405520000000000,AAPL,XNAS,0.9969550371170044,100,1.0,BUY
1749405542000000000,AAPL,XNAS,0.9965397715568542,100,2.0,SELL
1749405604000000000,AAPL,XNAS,1.0000789165496826,100,14.0,SELL
1749405606000000000,AAPL,XNAS,1.0001842975616455,100,140.0,BUY
1749405623000000000,AAPL,XNAS,1.0004667043685913,100,366.0,BUY
1749405625000000000,AAPL,XNAS,1.000552773475647,100,34.0,BUY
1749405629000000000,AAPL,XNAS,1.0002895593643188,100,100.0,BUY
1749405648000000000,AAPL,XNAS,1.000552773475647,100,1.0,BUY
1749405659000000000,AAPL,XNAS,1.000131607055664,100,1.0,SELL
1749405667000000000,AAPL,XNAS,1.0003948211669922,100,14.0,BUY
1749405682000000000,AAPL,XNAS,1.0003875494003296,100,123.0,BUY
1749405684000000000,AAPL,XNAS,1.000552773475647,100,2.0,BUY
1749405703000000000,AAPL,XNAS,1.0006203651428223,100,14.0,BUY
1749405704000000000,AAPL,XNAS,1.0007113218307495,100,677.0,BUY
1749405705000000000,AAPL,XNAS,1.0002624988555908,100,35.0,SELL
1749405716000000000,AAPL,XNAS,1.0002285242080688,100,133.0,SELL
1749405735000000000,AAPL,XNAS,1.0000288486480713,100,21.0,SELL
1749405739000000000,AAPL,XNAS,1.00034499168396,100,277.0,SELL
1749405774000000000,AAPL,XNAS,1.0007997751235962,100,481.0,BUY
1749405775000000000,AAPL,XNAS,1.0003951787948608,100,128.0,BUY
1749405790000000000,AAPL,XNAS,1.000257134437561,100,39.0,BUY
1749405793000000000,AAPL,XNAS,1.0005909204483032,100,204.0,BUY
1749405796000000000,AAPL,XNAS,1.000815987586975,100,2.0,BUY
1749405821000000000,AAPL,XNAS,1.000868558883667,100,86.0,BUY
1749405822000000000,AAPL,XNAS,1.0010792016983032,100,1.0,BUY
1749405832000000000,AAPL,XNAS,1.0011317729949951,100,1.0,BUY
1749405834000000000,AAPL,XNAS,1.0011866092681885,100,24.0,BUY
1749405838000000000,AAPL,XNAS,1.001478910446167,100,239.0,BUY
1749405841000000000,AAPL,XNAS,1.0016582012176514,100,17.0,BUY
1749405856000000000,AAPL,XNAS,1.0011844635009766,100,2.0,SELL
1749405858000000000,AAPL,XNAS,1.0014445781707764,100,350.0,BUY
1749405874000000000,AAPL,XNAS,1.0011032819747925,100,37.0,BUY
1749405911000000000,AAPL,XNAS,1.0006442070007324,100,152.0,SELL
1749405914000000000,AAPL,XNAS,1.0006580352783203,100,5.0,BUY
1749405918000000000,AAPL,XNAS,1.0006580352783203,100,10.0,UNKNOWN
1749405930000000000,AAPL,XNAS,1.0003948211669922,100,2.0,SELL
1749405944000000000,AAPL,XNAS,1.0001322031021118,100,182.0,BUY
1749405947000000000,AAPL,XNAS,1.0001842975616455,100,2.0,BUY
1749405953000000000,AAPL,XNAS,1.0003948211669922,100,22.0,BUY
1749405955000000000,AAPL,XNAS,1.000502586364746,100,248.0,BUY
1749405969000000000,AAPL,XNAS,1.0007106065750122,100,1.0,BUY
1749405979000000000,AAPL,XNAS,1.0007106065750122,100,12.0,BUY
1749405982000000000,AAPL,XNAS,1.000809907913208,100,412.0,BUY
1749405988000000000,AAPL,XNAS,1.0009253025054932,100,103.0,SELL
1749405991000000000,AAPL,XNAS,1.0009212493896484,100,234.0,BUY
1749406036000000000,AAPL,XNAS,1.0005005598068237,100,121.0,BUY
1749406037000000000,AAPL,XNAS,1.000447392463684,100,14.0,SELL
1749406038000000000,AAPL,XNAS,1.0007106065750122,100,1.0,BUY
1749406041000000000,AAPL,XNAS,1.000868558883667,100,5.0,BUY
1749406056000000000,AAPL,XNAS,1.000868558883667,100,9.0,BUY
1749406067000000000,AAPL,XNAS,1.0002281665802002,100,120.0,BUY
1749406072000000000,AAPL,XNAS,1.0001842975616455,100,81.0,BUY
1749406079000000000,AAPL,XNAS,1.0003265142440796,100,135.0,BUY
1749406080000000000,AAPL,XNAS,0.9996611475944519,100,207.0,SELL
1749406081000000000,AAPL,XNAS,0.9993419647216797,100,30.0,SELL
1749406084000000000,AAPL,XNAS,0.9997105002403259,100,41.0,BUY
1749406090000000000,AAPL,XNAS,0.9997105002403259,100,78.0,BUY
1749406092000000000,AAPL,XNAS,0.9999210238456726,100,16.0,BUY
1749406106000000000,AAPL,XNAS,1.0000263452529907,100,100.0,BUY
1749406111000000000,AAPL,XNAS,1.0003677606582642,100,208.0,SELL
1749406112000000000,AAPL,XNAS,1.0006053447723389,100,10.0,BUY
1749406125000000000,AAPL,XNAS,1.0001776218414307,100,160.0,SELL
1749406166000000000,AAPL,XNAS,0.9993455410003662,100,445.0,SELL
1749406167000000000,AAPL,XNAS,0.9995376467704773,100,134.0,BUY
1749406169000000000,AAPL,XNAS,0.9997105002403259,100,5.0,BUY
1749406173000000000,AAPL,XNAS,0.9998683929443359,100,8.0,BUY
1749406175000000000,AAPL,XNAS,0.9997105002403259,100,20.0,SELL
1749406187000000000,AAPL,XNAS,0.9999210238456726,100,1.0,BUY
1749406200000000000,AAPL,XNAS,1.0002139806747437,100,100.0,BUY
1749406234000000000,AAPL,XNAS,1.0002139806747437,100,9.0,BUY
1749406287000000000,AAPL,XNAS,1.0003565549850464,100,1.0,SELL
1749406288000000000,AAPL,XNAS,1.0003565549850464,100,21.0,BUY
1749406290000000000,AAPL,XNAS,1.000451683998108,100,3.0,SELL
1749406310000000000,AAPL,XNAS,1.000736951828003,100,4.0,SELL
1749406347000000000,AAPL,XNAS,1.0006418228149414,100,21.0,BUY
1749406348000000000,AAPL,XNAS,1.0005943775177002,100,2.0,BUY
1749406370000000000,AAPL,XNAS,1.0004892349243164,100,291.0,BUY
1749406377000000000,AAPL,XNAS,1.000166416168213,100,95.0,BUY
1749406381000000000,AAPL,XNAS,0.9998811483383179,100,20.0,SELL
1749406408000000000,AAPL,XNAS,0.9999286532402039,100,5.0,BUY
1749406409000000000,AAPL,XNAS,0.9999286532402039,100,1.0,SELL
1749406457000000000,AAPL,XNAS,1.0001220703125,100,220.0,SELL
1749406525000000000,AAPL,XNAS,1.0004041194915771,100,21.0,BUY
1749406527000000000,AAPL,XNAS,1.0000752210617065,100,36.0,SELL
1749406528000000000,AAPL,XNAS,1.0000712871551514,100,8.0,BUY
1749406544000000000,AAPL,XNAS,1.0003072023391724,100,101.0,SELL
1749406566000000000,AAPL,XNAS,1.0005943775177002,100,9.0,SELL
1749406575000000000,AAPL,XNAS,1.0008320808410645,100,95.0,BUY
1749406580000000000,AAPL,XNAS,1.0009270906448364,100,1.0,BUY
1749406583000000000,AAPL,XNAS,1.0009746551513672,100,100.0,SELL
1749406591000000000,AAPL,XNAS,1.0009746551513672,100,21.0,SELL
1749406604000000000,AAPL,XNAS,1.0008597373962402,100,605.0,BUY
1749406605000000000,AAPL,XNAS,1.0006418228149414,100,90.0,BUY
1749406620000000000,AAPL,XNAS,1.0004041194915771,100,100.0,BUY
1749406623000000000,AAPL,XNAS,1.0005788803100586,100,148.0,SELL
1749406649000000000,AAPL,XNAS,1.000451683998108,100,1.0,SELL
1749406674000000000,AAPL,XNAS,1.000279188156128,100,161.0,BUY
1749406679000000000,AAPL,XNAS,1.000163197517395,100,219.0,SELL
1749406696000000000,AAPL,XNAS,1.0003565549850464,100,2.0,SELL
1749406705000000000,AAPL,XNAS,1.0002615451812744,100,20.0,BUY
1749406720000000000,AAPL,XNAS,1.0006418228149414,100,101.0,BUY
1749406723000000000,AAPL,XNAS,1.0003565549850464,100,90.0,SELL
1749406745000000000,AAPL,XNAS,1.0003515481948853,100,218.0,BUY
1749406768000000000,AAPL,XNAS,1.0000848770141602,100,7.0,SELL
1749406769000000000,AAPL,XNAS,1.0000712871551514,100,1.0,SELL
1749406784000000000,AAPL,XNAS,1.0000237226486206,100,11.0,SELL
1749406786000000000,AAPL,XNAS,1.0001602172851562,100,107.0,SELL
1749406811000000000,AAPL,XNAS,0.999606728553772,100,101.0,SELL
1749406837000000000,AAPL,XNAS,1.000049114227295,100,20.0,BUY
1749406864000000000,AAPL,XNAS,1.0005635023117065,100,667.0,SELL
1749406914000000000,AAPL,XNAS,1.0013765096664429,100,4.0,BUY
1749406935000000000,AAPL,XNAS,1.0013847351074219,100,6.0,BUY
1749406946000000000,AAPL,XNAS,1.0008848905563354,100,1.0,SELL
1749406947000000000,AAPL,XNAS,1.0012290477752686,100,19.0,BUY
1749406951000000000,AAPL,XNAS,1.0011307001113892,100,6.0,SELL
1749406960000000000,AAPL,XNAS,1.001307725906372,100,5.0,BUY
1749406963000000000,AAPL,XNAS,1.0009875297546387,100,103.0,SELL
1749406993000000000,AAPL,XNAS,1.000786542892456,100,130.0,SELL
1749407048000000000,AAPL,XNAS,1.0009791851043701,100,12.0,SELL
1749407078000000000,AAPL,XNAS,1.0008848905563354,100,6.0,SELL
1749407157000000000,AAPL,XNAS,1.0005899667739868,100,3.0,SELL
1749407163000000000,AAPL,XNAS,1.0010323524475098,100,1.0,BUY
1749407169000000000,AAPL,XNAS,1.001039743423462,100,20.0,BUY
1749407170000000000,AAPL,XNAS,1.0013765096664429,100,4.0,BUY
1749407171000000000,AAPL,XNAS,1.0010637044906616,100,11.0,BUY
1749407200000000000,AAPL,XNAS,1.0013765096664429,100,1.0,BUY
1749407252000000000,AAPL,XNAS,1.001327395439148,100,9.0,BUY
1749407254000000000,AAPL,XNAS,1.0013765096664429,100,1.0,BUY
1749407268000000000,AAPL,XNAS,1.0014257431030273,100,1.0,BUY
1749407278000000000,AAPL,XNAS,1.0015850067138672,100,100.0,BUY
1749407304000000000,AAPL,XNAS,1.001666784286499,100,200.0,BUY
1749407334000000000,AAPL,XNAS,1.001327395439148,100,263.0,SELL
1749407356000000000,AAPL,XNAS,1.0025907754898071,100,489.0,BUY
1749407413000000000,AAPL,XNAS,1.0009372234344482,100,15.0,SELL
1749407448000000000,AAPL,XNAS,1.0007497072219849,100,30.0,BUY
1749407454000000000,AAPL,XNAS,1.000562310218811,100,1.0,SELL
1749407466000000000,AAPL,XNAS,1.0005154609680176,100,24.0,SELL
1749407471000000000,AAPL,XNAS,1.0008435249328613,100,2.0,BUY
1749407510000000000,AAPL,XNAS,1.0008903741836548,100,1.0,BUY
1749407532000000000,AAPL,XNAS,1.0008903741836548,100,32.0,SELL
1749407540000000000,AAPL,XNAS,1.0007508993148804,100,42.0,BUY
1749407580000000000,AAPL,XNAS,1.0003490447998047,100,116.0,BUY
1749407625000000000,AAPL,XNAS,1.000656008720398,100,100.0,SELL
1749407632000000000,AAPL,XNAS,1.000656008720398,100,3.0,BUY
1749407635000000000,AAPL,XNAS,1.000562310218811,100,102.0,SELL
1749407733000000000,AAPL,XNAS,1.000562310218811,100,3.0,SELL
1749407735000000000,AAPL,XNAS,1.0003859996795654,100,131.0,SELL
1749407736000000000,AAPL,XNAS,1.0005154609680176,100,3.0,BUY
1749407739000000000,AAPL,XNAS,1.000562310218811,100,200.0,BUY
1749407775000000000,AAPL,XNAS,1.0004686117172241,100,1.0,SELL
1749407776000000000,AAPL,XNAS,1.0004686117172241,100,1.0,SELL
1749407797000000000,AAPL,XNAS,1.0003280639648438,100,31.0,SELL
1749407844000000000,AAPL,XNAS,1.0004686117172241,100,1.0,BUY
1749407881000000000,AAPL,XNAS,1.0004842281341553,100,3.0,BUY
1749407882000000000,AAPL,XNAS,1.0005154609680176,100,1.0,BUY
1749407885000000000,AAPL,XNAS,1.0005154609680176,100,6.0,BUY
1749407893000000000,AAPL,XNAS,1.000656008720398,100,3.0,BUY
1749407896000000000,AAPL,XNAS,1.000750184059143,100,202.0,BUY
1749407902000000000,AAPL,XNAS,1.0006091594696045,100,1.0,BUY
1749407915000000000,AAPL,XNAS,1.000391960144043,100,11.0,SELL
1749407953000000000,AAPL,XNAS,1.0004373788833618,100,9.0,SELL
1749407971000000000,AAPL,XNAS,1.0004686117172241,100,1.0,BUY
1749407989000000000,AAPL,XNAS,1.0001989603042603,100,641.0,BUY
1749408000000000000,AAPL,XNAS,1.0003551244735718,100,1.0,UNKNOWN
1749408096000000000,AAPL,XNAS,1.0003551244735718,100,1.0,UNKNOWN
1749408110000000000,AAPL,XNAS,1.000618577003479,100,195.0,SELL
1749408113000000000,AAPL,XNAS,1.0008116960525513,100,25.0,BUY
1749408133000000000,AAPL,XNAS,1.0007102489471436,100,1.0,BUY
1749408193000000000,AAPL,XNAS,1.0009475946426392,100,184.0,SELL
1749408194000000000,AAPL,XNAS,1.0012935400009155,100,20.0,BUY
1749408195000000000,AAPL,XNAS,1.0014045238494873,100,16.0,BUY
1749408199000000000,AAPL,XNAS,1.001330018043518,100,320.0,SELL
1749408260000000000,AAPL,XNAS,1.0015218257904053,100,228.0,BUY
1749408304000000000,AAPL,XNAS,1.0016300678253174,100,30.0,SELL
1749408305000000000,AAPL,XNAS,1.0017755031585693,100,1.0,BUY
1749408316000000000,AAPL,XNAS,1.0017755031585693,100,1.0,BUY
1749408332000000000,AAPL,XNAS,1.0017963647842407,100,17.0,BUY
1749408351000000000,AAPL,XNAS,1.0017924308776855,100,15.0,BUY
1749408384000000000,AAPL,XNAS,1.0016740560531616,100,1.0,BUY
1749408388000000000,AAPL,XNAS,1.0014641284942627,100,584.0,BUY
1749408422000000000,AAPL,XNAS,1.0012174844741821,100,3.0,UNKNOWN
1749408453000000000,AAPL,XNAS,1.0010145902633667,100,203.0,BUY
1749408457000000000,AAPL,XNAS,1.0007901191711426,100,233.0,SELL
1749408478000000000,AAPL,XNAS,1.0004565715789795,100,1.0,SELL
1749408479000000000,AAPL,XNAS,1.0003043413162231,100,2.0,SELL
1749408549000000000,AAPL,XNAS,0.9999492764472961,100,1.0,SELL
1749408550000000000,AAPL,XNAS,0.9997463822364807,100,1.0,SELL
1749408564000000000,AAPL,XNAS,1.0002028942108154,100,36.0,BUY
1749408565000000000,AAPL,XNAS,1.000253677368164,100,1.0,BUY
1749408576000000000,AAPL,XNAS,1.0005072355270386,100,101.0,BUY
1749408578000000000,AAPL,XNAS,1.0006086826324463,100,105.0,SELL
1749408584000000000,AAPL,XNAS,1.0008623600006104,100,2.0,BUY
1749408605000000000,AAPL,XNAS,1.0002081394195557,100,1.0,UNKNOWN
1749408615000000000,AAPL,XNAS,1.0003641843795776,100,2.0,BUY
1749408627000000000,AAPL,XNAS,1.0002081394195557,100,88.0,BUY
1749408642000000000,AAPL,XNAS,1.0002081394195557,100,2.0,SELL
1749408674000000000,AAPL,XNAS,1.0000519752502441,100,1.0,SELL
1749408687000000000,AAPL,XNAS,1.0001040697097778,100,1.0,SELL
1749408695000000000,AAPL,XNAS,0.9998959302902222,100,144.0,BUY
1749408698000000000,AAPL,XNAS,0.9996877908706665,100,1.0,SELL
1749408710000000000,AAPL,XNAS,0.9995837211608887,100,18.0,BUY
1749408711000000000,AAPL,XNAS,0.9995316863059998,100,87.0,SELL
1749408714000000000,AAPL,XNAS,0.9998070597648621,100,212.0,BUY
1749408716000000000,AAPL,XNAS,0.9998959302902222,100,11.0,BUY
1749408731000000000,AAPL,XNAS,1.000187873840332,100,18.0,SELL
1749408738000000000,AAPL,XNAS,1.0003641843795776,100,8.0,SELL
1749408760000000000,AAPL,XNAS,1.0001139640808105,100,105.0,BUY
1749408795000000000,AAPL,XNAS,0.9999479651451111,100,10.0,UNKNOWN
1749408797000000000,AAPL,XNAS,1.0002081394195557,100,7.0,BUY
1749408801000000000,AAPL,XNAS,1.0002081394195557,100,101.0,BUY
1749408806000000000,AAPL,XNAS,1.0003381967544556,100,204.0,SELL
1749408807000000000,AAPL,XNAS,1.0004162788391113,100,6.0,BUY
1749408821000000000,AAPL,XNAS,1.000156044960022,100,2.0,BUY
1749408862000000000,AAPL,XNAS,1.0,100,32.0,BUY
1749408864000000000,AAPL,XNAS,0.9999479651451111,100,6.0,BUY
1749408878000000000,AAPL,XNAS,1.0002081394195557,100,194.0,SELL
1749408883000000000,AAPL,XNAS,1.0003641843795776,100,3.0,SELL
1749408890000000000,AAPL,XNAS,1.0007939338684082,100,27.0,BUY
1749408899000000000,AAPL,XNAS,1.0011273622512817,100,3.0,SELL
1749408935000000000,AAPL,XNAS,1.002029299736023,100,201.0,SELL
1749408936000000000,AAPL,XNAS,1.0021109580993652,100,7.0,BUY
1749408942000000000,AAPL,XNAS,1.00197434425354,100,127.0,SELL
1749408945000000000,AAPL,XNAS,1.0015628337860107,100,28.0,SELL
1749408963000000000,AAPL,XNAS,1.0016130208969116,100,232.0,SELL
1749408982000000000,AAPL,XNAS,1.0015604496002197,100,113.0,BUY
1749408985000000000,AAPL,XNAS,1.0010895729064941,100,17.0,SELL
1749408992000000000,AAPL,XNAS,1.0009886026382446,100,1.0,SELL
1749409020000000000,AAPL,XNAS,1.0015208721160889,100,234.0,SELL
1749409062000000000,AAPL,XNAS,1.001560926437378,100,2.0,SELL
1749409064000000000,AAPL,XNAS,1.0015089511871338,100,7.0,SELL
1749409078000000000,AAPL,XNAS,1.0013527870178223,100,19.0,SELL
1749409079000000000,AAPL,XNAS,1.0013008117675781,100,2.0,BUY
1749409084000000000,AAPL,XNAS,1.0012487173080444,100,4.0,UNKNOWN
1749409088000000000,AAPL,XNAS,1.0011446475982666,100,37.0,SELL
1749409100000000000,AAPL,XNAS,1.0009366273880005,100,75.0,SELL
1749409101000000000,AAPL,XNAS,1.0010926723480225,100,1.0,SELL
1749409105000000000,AAPL,XNAS,1.0013008117675781,100,311.0,SELL
1749409127000000000,AAPL,XNAS,1.0016000270843506,100,8.0,SELL
1749409140000000000,AAPL,XNAS,1.0019252300262451,100,102.0,BUY
1749409162000000000,AAPL,XNAS,1.002237319946289,100,196.0,SELL
1749409175000000000,AAPL,XNAS,1.002341389656067,100,1.0,BUY
1749409182000000000,AAPL,XNAS,1.0020240545272827,100,10.0,SELL
1749409285000000000,AAPL,XNAS,0.9997395277023315,100,130.0,BUY
1749409377000000000,AAPL,XNAS,0.9997055530548096,100,2.0,SELL
1749409378000000000,AAPL,XNAS,0.9995583891868591,100,100.0,SELL
1749409389000000000,AAPL,XNAS,0.9994602203369141,100,14.0,SELL
1749409409000000000,AAPL,XNAS,0.9994602203369141,100,296.0,BUY
1749409451000000000,AAPL,XNAS,0.9990676641464233,100,1.0,SELL
1749409460000000000,AAPL,XNAS,0.9995092749595642,100,44.0,BUY
1749409496000000000,AAPL,XNAS,0.9995583891868591,100,1.0,BUY
1749409546000000000,AAPL,XNAS,0.999702513217926,100,354.0,SELL
1749409581000000000,AAPL,XNAS,0.9997055530548096,100,109.0,BUY
1749409627000000000,AAPL,XNAS,0.9993129968643188,100,2.0,BUY
1749409782000000000,AAPL,XNAS,0.998969554901123,100,110.0,BUY
1749409786000000000,AAPL,XNAS,0.9987241625785828,100,1.0,BUY
1749409810000000000,AAPL,XNAS,1.0027531385421753,100,1.0,BUY
1749409828000000000,AAPL,XNAS,1.002805471420288,100,11.0,BUY
1749409838000000000,AAPL,XNAS,1.002936601638794,100,2.0,SELL
1749409848000000000,AAPL,XNAS,1.0029628276824951,100,2.0,SELL
1749409860000000000,AAPL,XNAS,1.0032427310943604,100,145.0,SELL
1749409863000000000,AAPL,XNAS,1.003644585609436,100,1.0,BUY
1749409877000000000,AAPL,XNAS,1.0039591789245605,100,1.0,BUY
1749409885000000000,AAPL,XNAS,1.0034347772598267,100,1.0,SELL
1749409909000000000,AAPL,XNAS,1.0042738914489746,100,14.0,BUY
1749409970000000000,AAPL,XNAS,1.0038542747497559,100,9.0,SELL
1749409971000000000,AAPL,XNAS,1.0038542747497559,100,1.0,BUY
1749410002000000000,AAPL,XNAS,1.0043267011642456,100,136.0,BUY
1749410038000000000,AAPL,XNAS,1.0046802759170532,100,28.0,BUY
1749410064000000000,AAPL,XNAS,1.0048319101333618,100,42.0,BUY
1749410065000000000,AAPL,XNAS,1.0050604343414307,101,1.0,BUY
1749410073000000000,AAPL,XNAS,1.005114197731018,101,205.0,BUY
1749410085000000000,AAPL,XNAS,1.0050604343414307,101,3.0,SELL
1749410090000000000,AAPL,XNAS,1.0053400993347168,101,3.0,SELL
1749410106000000000,AAPL,XNAS,1.0048775672912598,100,205.0,BUY
1749410150000000000,AAPL,XNAS,1.0043262243270874,100,4.0,SELL
1749410179000000000,AAPL,XNAS,1.003959059715271,100,335.0,SELL
1749410180000000000,AAPL,XNAS,1.0043262243270874,100,1.0,BUY
1749410210000000000,AAPL,XNAS,1.0043262243270874,100,34.0,SELL
1749410228000000000,AAPL,XNAS,1.0043262243270874,100,100.0,BUY
1749410276000000000,AAPL,XNAS,1.0038280487060547,100,40.0,SELL
1749410278000000000,AAPL,XNAS,1.0041165351867676,100,4.0,BUY
1749410291000000000,AAPL,XNAS,1.0043262243270874,100,6.0,BUY
1749410347000000000,AAPL,XNAS,1.0047988891601562,100,158.0,BUY
1749410357000000000,AAPL,XNAS,1.0050604343414307,101,1.0,BUY
1749410373000000000,AAPL,XNAS,1.005171537399292,101,210.0,BUY
1749410390000000000,AAPL,XNAS,1.0049030780792236,100,1.0,BUY
1749410392000000000,AAPL,XNAS,1.0048506259918213,100,10.0,BUY
1749410418000000000,AAPL,XNAS,1.0008054971694946,100,4.0,UNKNOWN
1749410428000000000,AAPL,XNAS,1.0012879371643066,100,11.0,BUY
1749410457000000000,AAPL,XNAS,1.0015208721160889,100,102.0,SELL
1749410469000000000,AAPL,XNAS,1.0013651847839355,100,16.0,SELL
1749410470000000000,AAPL,XNAS,1.0018953084945679,100,90.0,SELL
1749410496000000000,AAPL,XNAS,1.001800537109375,100,25.0,SELL
1749410498000000000,AAPL,XNAS,1.001800537109375,100,3.0,BUY
1749410507000000000,AAPL,XNAS,1.0014584064483643,100,191.0,SELL
1749410508000000000,AAPL,XNAS,1.0013741254806519,100,100.0,SELL
1749410548000000000,AAPL,XNAS,1.0018478631973267,100,1.0,SELL
1749410566000000000,AAPL,XNAS,1.0025112628936768,100,1.0,SELL
1749410584000000000,AAPL,XNAS,1.0020374059677124,100,3.0,SELL
1749410604000000000,AAPL,XNAS,1.0020374059677124,100,4.0,SELL
1749410608000000000,AAPL,XNAS,1.0022979974746704,100,4.0,BUY
1749410621000000000,AAPL,XNAS,1.0017057657241821,100,6.0,SELL
1749410634000000000,AAPL,XNAS,1.001658320426941,100,3.0,BUY
1749410640000000000,AAPL,XNAS,1.0015636682510376,100,3.0,SELL
1749410658000000000,AAPL,XNAS,1.0013257265090942,100,102.0,SELL
1749410668000000000,AAPL,XNAS,1.0014214515686035,100,3.0,SELL
1749410669000000000,AAPL,XNAS,1.0009326934814453,100,178.0,BUY
1749410679000000000,AAPL,XNAS,1.0006022453308105,100,31.0,SELL
1749410694000000000,AAPL,XNAS,1.0005686283111572,100,98.0,SELL
1749410695000000000,AAPL,XNAS,1.0006117820739746,100,125.0,BUY
1749410702000000000,AAPL,XNAS,1.000758171081543,100,3.0,SELL
1749410728000000000,AAPL,XNAS,1.0008054971694946,100,1.0,SELL
1749410742000000000,AAPL,XNAS,1.0008528232574463,100,5.0,SELL
1749410749000000000,AAPL,XNAS,1.000521183013916,100,100.0,SELL
1749410751000000000,AAPL,XNAS,1.000390887260437,100,4.0,SELL
1749410760000000000,AAPL,XNAS,1.0008054971694946,100,100.0,SELL
1749410784000000000,AAPL,XNAS,1.0008054971694946,100,7.0,BUY
1749410793000000000,AAPL,XNAS,1.0007107257843018,100,3.0,SELL
1749410796000000000,AAPL,XNAS,1.0009002685546875,100,2.0,SELL
1749410813000000000,AAPL,XNAS,1.0014214515686035,100,1.0,BUY
1749410826000000000,AAPL,XNAS,1.0008054971694946,100,2.0,BUY
1749410833000000000,AAPL,XNAS,1.0001450777053833,100,446.0,SELL
1749410834000000000,AAPL,XNAS,0.999909520149231,100,11.0,SELL
1749410847000000000,AAPL,XNAS,0.9998578429222107,100,10.0,SELL
1749410852000000000,AAPL,XNAS,0.9996209144592285,100,35.0,SELL
1749410853000000000,AAPL,XNAS,0.9994314312934875,100,19.0,SELL
1749410854000000000,AAPL,XNAS,0.9995735883712769,100,1.0,SELL
1749410865000000000,AAPL,XNAS,1.0000473260879517,100,3.0,BUY
1749410889000000000,AAPL,XNAS,0.9995231032371521,100,92.0,SELL
1749410892000000000,AAPL,XNAS,0.9992241263389587,100,40.0,SELL
1749410937000000000,AAPL,XNAS,0.9990257024765015,100,16.0,SELL
1749410955000000000,AAPL,XNAS,0.9988810420036316,100,13.0,SELL
1749410957000000000,AAPL,XNAS,0.9987680912017822,100,1.0,SELL
1749410961000000000,AAPL,XNAS,0.9986905455589294,100,22.0,SELL
1749410967000000000,AAPL,XNAS,0.9989575743675232,100,4.0,BUY
1749410968000000000,AAPL,XNAS,0.9986733198165894,100,4.0,SELL
1749410969000000000,AAPL,XNAS,0.9984837770462036,100,2.0,SELL
1749410976000000000,AAPL,XNAS,0.9989101886749268,100,90.0,BUY
1749411007000000000,AAPL,XNAS,0.9953627586364746,100,10.0,BUY
1749411022000000000,AAPL,XNAS,0.9952682852745056,100,22.0,BUY
1749411031000000000,AAPL,XNAS,0.995134711265564,100,2.0,BUY
1749411041000000000,AAPL,XNAS,0.9942477941513062,99,91.0,SELL
1749411042000000000,AAPL,XNAS,0.9941970705986023,99,115.0,BUY
1749411043000000000,AAPL,XNAS,0.993740975856781,99,21.0,SELL
1749411044000000000,AAPL,XNAS,0.9934875965118408,99,28.0,SELL
1749411046000000000,AAPL,XNAS,0.9935237765312195,99,7.0,SELL
1749411047000000000,AAPL,XNAS,0.9936903119087219,99,7.0,SELL
1749411054000000000,AAPL,XNAS,0.9935382604598999,99,6.0,SELL
1749411065000000000,AAPL,XNAS,0.9946382641792297,99,193.0,SELL
1749411083000000000,AAPL,XNAS,0.9942984580993652,99,1.0,SELL
1749411087000000000,AAPL,XNAS,0.9942984580993652,99,1.0,SELL
1749411088000000000,AAPL,XNAS,0.9941464066505432,99,5.0,SELL
1749411091000000000,AAPL,XNAS,0.9940625429153442,99,29.0,SELL
1749411098000000000,AAPL,XNAS,0.9939524531364441,99,249.0,SELL
1749411100000000000,AAPL,XNAS,0.993893027305603,99,2.0,SELL
1749411101000000000,AAPL,XNAS,0.9936903119087219,99,8.0,SELL
1749411108000000000,AAPL,XNAS,0.9933382868766785,99,37.0,SELL
1749411115000000000,AAPL,XNAS,0.9930314421653748,99,1.0,SELL
1749411116000000000,AAPL,XNAS,0.9939943552017212,99,90.0,SELL
1749411127000000000,AAPL,XNAS,0.9935382604598999,99,1.0,SELL
1749411134000000000,AAPL,XNAS,0.9933160543441772,99,78.0,BUY
1749411138000000000,AAPL,XNAS,0.9939436912536621,99,93.0,SELL
1749411139000000000,AAPL,XNAS,0.9929559826850891,99,391.0,SELL
1749411142000000000,AAPL,XNAS,0.9939878582954407,99,109.0,SELL
1749411143000000000,AAPL,XNAS,0.9946025609970093,99,51.0,BUY
1749411153000000000,AAPL,XNAS,0.9947113990783691,99,217.0,SELL
1749411156000000000,AAPL,XNAS,0.9951093196868896,100,4.0,BUY
1749411159000000000,AAPL,XNAS,0.9950608015060425,100,94.0,BUY
1749411161000000000,AAPL,XNAS,0.9944505095481873,99,102.0,BUY
1749411184000000000,AAPL,XNAS,0.9947460889816284,99,238.0,BUY
1749411187000000000,AAPL,XNAS,0.994780421257019,99,49.0,BUY
1749411188000000000,AAPL,XNAS,0.9948052763938904,99,14.0,BUY
1749411195000000000,AAPL,XNAS,0.99407958984375,99,301.0,BUY
1749411202000000000,AAPL,XNAS,0.994981050491333,99,188.0,BUY
1749411213000000000,AAPL,XNAS,0.9953651428222656,100,107.0,SELL
1749411239000000000,AAPL,XNAS,0.995377242565155,100,7.0,BUY
1749411245000000000,AAPL,XNAS,0.9946025609970093,99,7.0,SELL
1749411246000000000,AAPL,XNAS,0.9945518374443054,99,4.0,BUY
1749411248000000000,AAPL,XNAS,0.9949573278427124,99,1.0,SELL
1749411269000000000,AAPL,XNAS,0.9957513213157654,100,6.0,BUY
1749411280000000000,AAPL,XNAS,0.9952621459960938,100,201.0,BUY
1749411281000000000,AAPL,XNAS,0.9951093196868896,100,10.0,SELL
1749411310000000000,AAPL,XNAS,0.994261622428894,99,110.0,SELL
1749411311000000000,AAPL,XNAS,0.9939436912536621,99,1.0,SELL
1749411312000000000,AAPL,XNAS,0.9937916398048401,99,1.0,SELL
1749411377000000000,AAPL,XNAS,0.9936413168907166,99,359.0,BUY
1749411382000000000,AAPL,XNAS,0.9929807782173157,99,38.0,SELL
1749411385000000000,AAPL,XNAS,0.9929807782173157,99,1.0,SELL
1749411388000000000,AAPL,XNAS,0.9927273392677307,99,1.0,SELL
1749411389000000000,AAPL,XNAS,0.9925753474235535,99,102.0,SELL
1749411401000000000,AAPL,XNAS,0.992326557636261,99,22.0,SELL
1749411407000000000,AAPL,XNAS,0.9924232959747314,99,1.0,SELL
1749411410000000000,AAPL,XNAS,0.9921913146972656,99,26.0,BUY
1749411423000000000,AAPL,XNAS,0.9921191930770874,99,19.0,SELL
1749411424000000000,AAPL,XNAS,0.9926260113716125,99,6.0,SELL
1749411433000000000,AAPL,XNAS,0.993488073348999,99,201.0,SELL
1749411434000000000,AAPL,XNAS,0.9931834936141968,99,1.0,SELL
1749411438000000000,AAPL,XNAS,0.9929807782173157,99,121.0,SELL
1749411460000000000,AAPL,XNAS,0.9920685291290283,99,1.0,SELL
1749411462000000000,AAPL,XNAS,0.9916045069694519,99,32.0,SELL
1749411496000000000,AAPL,XNAS,0.9926766753196716,99,4.0,SELL
1749411502000000000,AAPL,XNAS,0.9934096336364746,99,186.0,SELL
1749411510000000000,AAPL,XNAS,0.994045078754425,99,1.0,BUY
1749411512000000000,AAPL,XNAS,0.9941464066505432,99,1.0,BUY
1749411522000000000,AAPL,XNAS,0.9935884475708008,99,101.0,SELL
1749411525000000000,AAPL,XNAS,0.9935382604598999,99,3.0,SELL
1749411537000000000,AAPL,XNAS,0.9929807782173157,99,1.0,SELL
1749411547000000000,AAPL,XNAS,0.9942477941513062,99,12.0,BUY
1749411548000000000,AAPL,XNAS,0.9943596124649048,99,131.0,BUY
1749411566000000000,AAPL,XNAS,0.9941970705986023,99,1.0,SELL
1749411583000000000,AAPL,XNAS,0.9946025609970093,99,92.0,SELL
1749411620000000000,AAPL,XNAS,1.0009424686431885,100,12.0,BUY
1749411624000000000,AAPL,XNAS,1.0015681982040405,100,10.0,BUY
1749411626000000000,AAPL,XNAS,1.0005227327346802,100,14.0,SELL
1749411641000000000,AAPL,XNAS,1.0005651712417603,100,112.0,SELL
1749411642000000000,AAPL,XNAS,1.000564455986023,100,114.0,SELL
1749411656000000000,AAPL,XNAS,1.000190019607544,100,39.0,SELL
1749411686000000000,AAPL,XNAS,1.0005227327346802,100,1.0,BUY
1749411723000000000,AAPL,XNAS,1.0004277229309082,100,1.0,SELL
1749411730000000000,AAPL,XNAS,1.0011998414993286,100,12.0,SELL
1749411779000000000,AAPL,XNAS,1.0009979009628296,100,1.0,SELL
1749411814000000000,AAPL,XNAS,1.001188039779663,100,3.0,SELL
1749411833000000000,AAPL,XNAS,1.0007603168487549,100,44.0,SELL
1749411862000000000,AAPL,XNAS,1.001283049583435,100,1.0,BUY
1749411872000000000,AAPL,XNAS,1.0009503364562988,100,1.0,SELL
1749411920000000000,AAPL,XNAS,1.0002375841140747,100,16.0,SELL
1749411929000000000,AAPL,XNAS,1.000665307044983,100,21.0,SELL
1749411965000000000,AAPL,XNAS,1.0009503364562988,100,1.0,BUY
1749412013000000000,AAPL,XNAS,1.001631498336792,100,12.0,BUY
1749412023000000000,AAPL,XNAS,1.0013304948806763,100,1.0,SELL
1749412025000000000,AAPL,XNAS,1.0009028911590576,100,58.0,SELL
1749412032000000000,AAPL,XNAS,1.0010929107666016,100,1.0,SELL
1749412033000000000,AAPL,XNAS,1.0006177425384521,100,2.0,SELL
1749412053000000000,AAPL,XNAS,1.0002851486206055,100,89.0,SELL
1749412054000000000,AAPL,XNAS,1.0002375841140747,100,1.0,SELL
1749412118000000000,AAPL,XNAS,1.000095009803772,100,100.0,SELL
1749412130000000000,AAPL,XNAS,0.999952495098114,100,3.0,SELL
1749412160000000000,AAPL,XNAS,0.9996523857116699,100,143.0,SELL
1749412162000000000,AAPL,XNAS,0.9993109703063965,100,2.0,BUY
1749412163000000000,AAPL,XNAS,0.9989545941352844,100,1.0,SELL
1749412178000000000,AAPL,XNAS,0.9997442960739136,100,126.0,BUY
1749412201000000000,AAPL,XNAS,0.99864262342453,100,1.0,BUY
1749412212000000000,AAPL,XNAS,0.998855471611023,100,47.0,BUY
1749412222000000000,AAPL,XNAS,0.9992961883544922,100,60.0,BUY
1749412225000000000,AAPL,XNAS,0.9988436698913574,100,1.0,SELL
1749412237000000000,AAPL,XNAS,0.9983566403388977,100,632.0,BUY
1749412239000000000,AAPL,XNAS,0.99819016456604,100,58.0,BUY
1749412243000000000,AAPL,XNAS,0.9976370930671692,100,7.0,SELL
1749412248000000000,AAPL,XNAS,0.99819016456604,100,51.0,BUY
1749412261000000000,AAPL,XNAS,0.9970086812973022,100,120.0,SELL
1749412266000000000,AAPL,XNAS,0.9976873993873596,100,101.0,SELL
1749412281000000000,AAPL,XNAS,0.9983409643173218,100,7.0,BUY
1749412286000000000,AAPL,XNAS,0.9987934231758118,100,293.0,BUY
1749412291000000000,AAPL,XNAS,0.9981398582458496,100,1.0,SELL
1749412319000000000,AAPL,XNAS,0.9974415898323059,100,244.0,SELL
1749412357000000000,AAPL,XNAS,0.9979890584945679,100,2.0,BUY
1749412385000000000,AAPL,XNAS,0.998089611530304,100,20.0,BUY
1749412399000000000,AAPL,XNAS,0.998089611530304,100,1.0,BUY
1749412439000000000,AAPL,XNAS,0.9972553849220276,100,506.0,SELL
1749412465000000000,AAPL,XNAS,0.9980288147926331,100,603.0,BUY
1749412468000000000,AAPL,XNAS,0.9980393052101135,100,102.0,BUY
1749412483000000000,AAPL,XNAS,0.9972349405288696,100,40.0,SELL
1749412485000000000,AAPL,XNAS,0.9971846342086792,100,1.0,SELL
1749412487000000000,AAPL,XNAS,0.9969332814216614,100,100.0,SELL
1749412518000000000,AAPL,XNAS,0.9964305758476257,100,1.0,SELL
1749412520000000000,AAPL,XNAS,0.9966819286346436,100,100.0,SELL
1749412524000000000,AAPL,XNAS,0.9959641098976135,100,119.0,SELL
1749412531000000000,AAPL,XNAS,0.9953660368919373,100,138.0,SELL
1749412534000000000,AAPL,XNAS,0.9951736927032471,100,1.0,SELL
1749412585000000000,AAPL,XNAS,0.9944195747375488,99,1.0,BUY
1749412590000000000,AAPL,XNAS,0.9938638210296631,99,235.0,BUY
1749412618000000000,AAPL,XNAS,0.9933638572692871,99,200.0,BUY
1749412625000000000,AAPL,XNAS,0.9946616291999817,99,582.0,SELL
1749412652000000000,AAPL,XNAS,0.99507075548172,100,210.0,SELL
1749412699000000000,AAPL,XNAS,0.995971143245697,100,145.0,BUY
1749412707000000000,AAPL,XNAS,0.9959828853607178,100,520.0,BUY
1749412715000000000,AAPL,XNAS,0.9964316487312317,100,93.0,BUY
1749412717000000000,AAPL,XNAS,0.996796727180481,100,497.0,SELL
1749412721000000000,AAPL,XNAS,0.9980301856994629,100,22.0,BUY
1749412748000000000,AAPL,XNAS,0.9977376461029053,100,6.0,BUY
1749412765000000000,AAPL,XNAS,0.9979890584945679,100,1.0,BUY
1749412773000000000,AAPL,XNAS,0.9972349405288696,100,150.0,SELL
1749412794000000000,AAPL,XNAS,0.9983729124069214,100,85.0,SELL
1749412818000000000,AAPL,XNAS,0.999039351940155,100,28.0,SELL
1749412830000000000,AAPL,XNAS,0.9989455342292786,100,574.0,BUY
1749412834000000000,AAPL,XNAS,0.9981094598770142,100,103.0,BUY
1749412854000000000,AAPL,XNAS,0.997200071811676,100,204.0,SELL
1749412875000000000,AAPL,XNAS,0.9973915219306946,100,3.0,UNKNOWN
1749412893000000000,AAPL,XNAS,0.9989133477210999,100,501.0,SELL
1749412946000000000,AAPL,XNAS,0.9981474876403809,100,229.0,SELL
1749412960000000000,AAPL,XNAS,0.9959753751754761,100,394.0,SELL
1749413284000000000,AAPL,XNAS,0.9983009099960327,100,101.0,BUY
1749413410000000000,AAPL,XNAS,1.0,100,1.0,SELL
1749413435000000000,AAPL,XNAS,1.0000466108322144,100,1.0,SELL
1749413480000000000,AAPL,XNAS,1.0,100,1.0,BUY
1749413491000000000,AAPL,XNAS,0.9998133182525635,100,216.0,BUY
1749413492000000000,AAPL,XNAS,0.9996733069419861,100,1.0,SELL
1749413502000000000,AAPL,XNAS,0.9999066591262817,100,1.0,BUY
1749413536000000000,AAPL,XNAS,1.0001347064971924,100,536.0,BUY
1749413577000000000,AAPL,XNAS,1.0001399517059326,100,1.0,SELL
1749413583000000000,AAPL,XNAS,0.9999533295631409,100,101.0,BUY
1749413586000000000,AAPL,XNAS,0.9996421933174133,100,3.0,SELL
1749413618000000000,AAPL,XNAS,0.9997666478157043,100,1.0,SELL
1749413625000000000,AAPL,XNAS,0.9994716644287109,100,243.0,BUY
1749413630000000000,AAPL,XNAS,0.9990355968475342,100,146.0,SELL
1749413631000000000,AAPL,XNAS,0.9990041255950928,100,71.0,BUY
1749413676000000000,AAPL,XNAS,0.9987865686416626,100,1.0,BUY
1749413703000000000,AAPL,XNAS,0.9987865686416626,100,10.0,BUY
1749413712000000000,AAPL,XNAS,0.9990199208259583,100,3.0,BUY
1749413726000000000,AAPL,XNAS,0.99892657995224,100,1.0,BUY
1749413747000000000,AAPL,XNAS,0.9986932277679443,100,201.0,BUY
1749413749000000000,AAPL,XNAS,0.9984598755836487,100,19.0,SELL
1749413751000000000,AAPL,XNAS,0.9984598755836487,100,2.0,SELL
1749413757000000000,AAPL,XNAS,0.9984598755836487,100,27.0,SELL
1749413765000000000,AAPL,XNAS,0.9986465573310852,100,1.0,BUY
1749413797000000000,AAPL,XNAS,0.9986932277679443,100,1.0,BUY
1749413807000000000,AAPL,XNAS,0.9986465573310852,100,1.0,BUY
1749413810000000000,AAPL,XNAS,0.9987398982048035,100,34.0,BUY
1749413816000000000,AAPL,XNAS,0.9988332390785217,100,141.0,SELL
1749413827000000000,AAPL,XNAS,0.99892657995224,100,1.0,UNKNOWN
1749413835000000000,AAPL,XNAS,0.9987398982048035,100,100.0,SELL
1749413868000000000,AAPL,XNAS,0.9988332390785217,100,1.0,SELL
1749413879000000000,AAPL,XNAS,0.9987865686416626,100,1.0,SELL
1749413905000000000,AAPL,XNAS,0.9987398982048035,100,2.0,BUY
1749413906000000000,AAPL,XNAS,0.9984515309333801,100,168.0,BUY
1749413935000000000,AAPL,XNAS,0.9985765814781189,100,4.0,SELL
1749413948000000000,AAPL,XNAS,0.9985065460205078,100,1.0,SELL
1749413964000000000,AAPL,XNAS,0.9988332390785217,100,6.0,BUY
1749413988000000000,AAPL,XNAS,0.9991860389709473,100,238.0,SELL
1749413993000000000,AAPL,XNAS,0.9993466138839722,100,200.0,BUY
1749414002000000000,AAPL,XNAS,0.9997380971908569,100,300.0,SELL
1749414011000000000,AAPL,XNAS,0.9997051954269409,100,1.0,BUY
1749414020000000000,AAPL,XNAS,0.9993612170219421,100,100.0,BUY
1749414074000000000,AAPL,XNAS,0.9989681243896484,100,2.0,BUY
1749414090000000000,AAPL,XNAS,0.9985726475715637,100,21.0,BUY
1749414148000000000,AAPL,XNAS,0.9979853630065918,100,2.0,BUY
1749414207000000000,AAPL,XNAS,0.9973956942558289,100,2.0,BUY
1749414237000000000,AAPL,XNAS,0.9970583319664001,100,104.0,BUY
1749414238000000000,AAPL,XNAS,0.9971008896827698,100,11.0,BUY
1749414243000000000,AAPL,XNAS,0.9967077970504761,100,2.0,SELL
1749414272000000000,AAPL,XNAS,0.9969043135643005,100,2.0,BUY
1749414344000000000,AAPL,XNAS,0.9964129328727722,100,2.0,SELL
1749414394000000000,AAPL,XNAS,0.9964129328727722,100,2.0,BUY
1749414460000000000,AAPL,XNAS,0.9968551993370056,100,390.0,BUY
1749414472000000000,AAPL,XNAS,0.996756911277771,100,100.0,SELL
1749414473000000000,AAPL,XNAS,0.9969780445098877,100,200.0,BUY
1749414531000000000,AAPL,XNAS,0.996756911277771,100,2.0,SELL
1749414538000000000,AAPL,XNAS,0.9965603947639465,100,3.0,SELL
1749414540000000000,AAPL,XNAS,0.9964129328727722,100,100.0,BUY
1749414546000000000,AAPL,XNAS,0.9959707260131836,100,20.0,SELL
1749414568000000000,AAPL,XNAS,0.9969111680984497,100,36.0,SELL
