ts_ns,symbol,venue,price,price_ticks,size,aggressor_side
1748959242000000000,AAPL,XNAS,1.0,100,2.0,SELL
1748959270000000000,AAPL,XNAS,0.9999486804008484,100,2.0,BUY
1748959303000000000,AAPL,XNAS,0.9999486804008484,100,2.0,SELL
1748959324000000000,AAPL,XNAS,1.0002052783966064,100,4.0,BUY
1748959325000000000,AAPL,XNAS,1.0002632141113281,100,180.0,SELL
1748959326000000000,AAPL,XNAS,1.0007699728012085,100,9.0,SELL
1748959355000000000,AAPL,XNAS,1.0009238719940186,100,3.0,BUY
1748959364000000000,AAPL,XNAS,1.0008212327957153,100,2.0,BUY
1748959375000000000,AAPL,XNAS,1.0012283325195312,100,86.0,BUY
1748959408000000000,AAPL,XNAS,1.0012319087982178,100,19.0,BUY
1748959412000000000,AAPL,XNAS,1.0015872716903687,100,66.0,BUY
1748959449000000000,AAPL,XNAS,1.0015432834625244,100,15.0,BUY
1748959450000000000,AAPL,XNAS,1.0013360977172852,100,269.0,SELL
1748959452000000000,AAPL,XNAS,1.001334547996521,100,33.0,SELL
1748959527000000000,AAPL,XNAS,1.0013859272003174,100,1.0,SELL
1748959563000000000,AAPL,XNAS,1.0014371871948242,100,1.0,BUY
1748959608000000000,AAPL,XNAS,1.0014371871948242,100,2.0,BUY
1748959635000000000,AAPL,XNAS,1.001695156097412,100,160.0,BUY
1748959645000000000,AAPL,XNAS,1.0017964839935303,100,2.0,BUY
1748959656000000000,AAPL,XNAS,1.0018478631973267,100,1.0,BUY
1748959669000000000,AAPL,XNAS,1.0017452239990234,100,1.0,SELL
1748959671000000000,AAPL,XNAS,1.001921534538269,100,481.0,BUY
1748959672000000000,AAPL,XNAS,1.0019505023956299,100,8.0,BUY
1748959714000000000,AAPL,XNAS,1.0018478631973267,100,1.0,UNKNOWN
1748959733000000000,AAPL,XNAS,1.001478672027588,100,501.0,BUY
1748959791000000000,AAPL,XNAS,1.0012319087982178,100,1.0,UNKNOWN
1748959804000000000,AAPL,XNAS,0.9963222742080688,100,15.0,BUY
1748959810000000000,AAPL,XNAS,0.9957931041717529,100,5.0,SELL
1748959811000000000,AAPL,XNAS,0.9957401752471924,100,300.0,BUY
1748959824000000000,AAPL,XNAS,0.995299220085144,100,300.0,SELL
1748959832000000000,AAPL,XNAS,0.9953961968421936,100,200.0,BUY
1748959845000000000,AAPL,XNAS,0.9952110052108765,100,1.0,BUY
1748959859000000000,AAPL,XNAS,0.9947876930236816,99,1.0,BUY
1748959869000000000,AAPL,XNAS,0.9944172501564026,99,20.0,SELL
1748959871000000000,AAPL,XNAS,0.9944172501564026,99,6.0,SELL
1748959872000000000,AAPL,XNAS,0.9944172501564026,99,310.0,SELL
1748959876000000000,AAPL,XNAS,0.9951333403587341,100,214.0,SELL
1748959886000000000,AAPL,XNAS,0.9961780905723572,100,29.0,BUY
1748959888000000000,AAPL,XNAS,0.9954755902290344,100,3.0,SELL
1748959905000000000,AAPL,XNAS,0.994999349117279,99,1.0,SELL
1748959906000000000,AAPL,XNAS,0.994999349117279,99,9.0,SELL
1748959908000000000,AAPL,XNAS,0.9949464201927185,99,301.0,SELL
1748959922000000000,AAPL,XNAS,0.9952903985977173,100,200.0,SELL
1748959937000000000,AAPL,XNAS,0.9949069023132324,99,269.0,BUY
1748959944000000000,AAPL,XNAS,0.9942055940628052,99,3.0,BUY
1748959971000000000,AAPL,XNAS,0.9939939379692078,99,1.0,BUY
1748959977000000000,AAPL,XNAS,0.9933059811592102,99,2.0,SELL
1748959980000000000,AAPL,XNAS,0.9932530522346497,99,100.0,SELL
1748959989000000000,AAPL,XNAS,0.9934118390083313,99,1.0,SELL
1748960027000000000,AAPL,XNAS,0.9947591423988342,99,154.0,BUY
1748960030000000000,AAPL,XNAS,0.9952996373176575,100,412.0,BUY
1748960033000000000,AAPL,XNAS,0.9950522780418396,100,3.0,BUY
1748960037000000000,AAPL,XNAS,0.9946538209915161,99,17.0,SELL
1748960039000000000,AAPL,XNAS,0.9938880801200867,99,10.0,SELL
1748960053000000000,AAPL,XNAS,0.9939410090446472,99,300.0,SELL
1748960064000000000,AAPL,XNAS,0.9933589100837708,99,100.0,SELL
1748960091000000000,AAPL,XNAS,0.9939410090446472,99,2.0,BUY
1748960095000000000,AAPL,XNAS,0.9939939379692078,99,1.0,BUY
1748960104000000000,AAPL,XNAS,0.9945759773254395,99,1.0,BUY
1748960111000000000,AAPL,XNAS,0.9945980310440063,99,12.0,BUY
1748960114000000000,AAPL,XNAS,0.9950371384620667,100,7.0,BUY
1748960135000000000,AAPL,XNAS,0.9942585229873657,99,202.0,SELL
1748960137000000000,AAPL,XNAS,0.9942585229873657,99,257.0,SELL
1748960138000000000,AAPL,XNAS,0.9942412972450256,99,320.0,SELL
1748960151000000000,AAPL,XNAS,0.9936764240264893,99,125.0,SELL
1748960154000000000,AAPL,XNAS,0.9938351511955261,99,2.0,BUY
1748960155000000000,AAPL,XNAS,0.9943113923072815,99,70.0,BUY
1748960183000000000,AAPL,XNAS,0.995163083076477,100,127.0,BUY
1748960190000000000,AAPL,XNAS,0.9957453608512878,100,224.0,BUY
1748960193000000000,AAPL,XNAS,0.9960576891899109,100,2.0,BUY
1748960194000000000,AAPL,XNAS,0.9961786270141602,100,189.0,BUY
1748960197000000000,AAPL,XNAS,0.9964665770530701,100,11.0,BUY
1748960200000000000,AAPL,XNAS,0.9956353902816772,100,202.0,BUY
1748960233000000000,AAPL,XNAS,0.9950295686721802,100,210.0,BUY
1748960249000000000,AAPL,XNAS,0.9941526651382446,99,102.0,UNKNOWN
1748960261000000000,AAPL,XNAS,0.9938351511955261,99,100.0,BUY
1748960271000000000,AAPL,XNAS,0.9927768111228943,99,1.0,SELL
1748960276000000000,AAPL,XNAS,0.9924592971801758,99,54.0,SELL
1748960278000000000,AAPL,XNAS,0.9920889139175415,99,1.0,SELL
1748960285000000000,AAPL,XNAS,0.9919301271438599,99,101.0,SELL
1748960298000000000,AAPL,XNAS,0.991506814956665,99,10.0,SELL
1748960302000000000,AAPL,XNAS,0.991506814956665,99,100.0,BUY
1748960332000000000,AAPL,XNAS,0.9902368187904358,99,1.0,SELL
1748960336000000000,AAPL,XNAS,0.9893372058868408,99,100.0,SELL
1748960344000000000,AAPL,XNAS,0.9907130599021912,99,20.0,BUY
1748960349000000000,AAPL,XNAS,0.9900251626968384,99,1.0,SELL
1748960350000000000,AAPL,XNAS,0.9909070730209351,99,300.0,BUY
1748960351000000000,AAPL,XNAS,0.991136372089386,99,12.0,BUY
1748960365000000000,AAPL,XNAS,0.9912382364273071,99,106.0,BUY
1748960366000000000,AAPL,XNAS,0.9914690256118774,99,7.0,BUY
1748960386000000000,AAPL,XNAS,0.990871787071228,99,600.0,SELL
1748960394000000000,AAPL,XNAS,0.9917902946472168,99,14.0,BUY
1748960407000000000,AAPL,XNAS,1.0025027990341187,100,102.0,BUY
1748960414000000000,AAPL,XNAS,1.0029871463775635,100,293.0,UNKNOWN
1748960415000000000,AAPL,XNAS,1.0036956071853638,100,37.0,SELL
1748960467000000000,AAPL,XNAS,1.0039021968841553,100,201.0,BUY
1748960471000000000,AAPL,XNAS,1.0043978691101074,100,609.0,SELL
1748960478000000000,AAPL,XNAS,1.0054664611816406,101,237.0,SELL
1748960491000000000,AAPL,XNAS,1.0050863027572632,101,176.0,SELL
1748960494000000000,AAPL,XNAS,1.0050863027572632,101,30.0,BUY
1748960520000000000,AAPL,XNAS,1.0042251348495483,100,400.0,BUY
1748960583000000000,AAPL,XNAS,1.0021259784698486,100,110.0,SELL
1748960584000000000,AAPL,XNAS,1.0021259784698486,100,100.0,BUY
1748960624000000000,AAPL,XNAS,1.0013068914413452,100,943.0,SELL
1748960647000000000,AAPL,XNAS,1.0018569231033325,100,2.0,BUY
1748960662000000000,AAPL,XNAS,1.0028795003890991,100,1.0,SELL
1748960683000000000,AAPL,XNAS,1.002319097518921,100,252.0,SELL
1748960685000000000,AAPL,XNAS,1.0017502307891846,100,884.0,BUY
1748960710000000000,AAPL,XNAS,1.000457525253296,100,100.0,BUY
1748960738000000000,AAPL,XNAS,1.0006189346313477,100,586.0,BUY
1748960739000000000,AAPL,XNAS,1.0010474920272827,100,104.0,SELL
1748960765000000000,AAPL,XNAS,1.0018303394317627,100,203.0,BUY
1748960768000000000,AAPL,XNAS,1.0027180910110474,100,1.0,UNKNOWN
1748960783000000000,AAPL,XNAS,1.004117488861084,100,2.0,BUY
1748960784000000000,AAPL,XNAS,1.0042251348495483,100,5.0,BUY
1748960788000000000,AAPL,XNAS,1.002933382987976,100,178.0,SELL
1748960795000000000,AAPL,XNAS,1.002933382987976,100,22.0,SELL
1748960822000000000,AAPL,XNAS,1.00397527217865,100,603.0,SELL
1748960827000000000,AAPL,XNAS,1.0042788982391357,100,2.0,BUY
1748960833000000000,AAPL,XNAS,1.0032066106796265,100,522.0,SELL
1748960846000000000,AAPL,XNAS,1.003417730331421,100,1.0,SELL
1748960859000000000,AAPL,XNAS,1.004710078239441,100,439.0,SELL
1748960860000000000,AAPL,XNAS,1.0057321786880493,101,21.0,BUY
1748960861000000000,AAPL,XNAS,1.0061088800430298,101,1.0,BUY
1748960881000000000,AAPL,XNAS,1.0070292949676514,101,109.0,BUY
1748960882000000000,AAPL,XNAS,1.0072391033172607,101,1.0,BUY
1748960884000000000,AAPL,XNAS,1.007346749305725,101,1.0,BUY
1748960885000000000,AAPL,XNAS,1.0078312158584595,101,2.0,BUY
1748960887000000000,AAPL,XNAS,1.006754755973816,101,2.0,SELL
1748960916000000000,AAPL,XNAS,1.0077483654022217,101,409.0,BUY
1748960917000000000,AAPL,XNAS,1.00820791721344,101,1.0,BUY
1748960937000000000,AAPL,XNAS,1.0071314573287964,101,200.0,BUY
1748960940000000000,AAPL,XNAS,1.0078312158584595,101,300.0,SELL
1748960950000000000,AAPL,XNAS,1.0078312158584595,101,5.0,SELL
1748960951000000000,AAPL,XNAS,1.008853793144226,101,100.0,BUY
1748960953000000000,AAPL,XNAS,1.0091681480407715,101,137.0,SELL
1748960958000000000,AAPL,XNAS,1.0097688436508179,101,100.0,BUY
1748960974000000000,AAPL,XNAS,1.0095950365066528,101,206.0,BUY
1748960975000000000,AAPL,XNAS,1.0098226070404053,101,210.0,BUY
1748960980000000000,AAPL,XNAS,1.0100632905960083,101,100.0,BUY
1748960987000000000,AAPL,XNAS,1.0100388526916504,101,359.0,BUY
1748960988000000000,AAPL,XNAS,1.010414719581604,101,1.0,BUY
1748960989000000000,AAPL,XNAS,1.0104684829711914,101,1.0,BUY
1748961080000000000,AAPL,XNAS,0.9959162473678589,100,254.0,SELL
1748961082000000000,AAPL,XNAS,0.996683657169342,100,77.0,BUY
1748961083000000000,AAPL,XNAS,0.9966341853141785,100,27.0,BUY
1748961103000000000,AAPL,XNAS,0.9960699081420898,100,10.0,BUY
1748961178000000000,AAPL,XNAS,0.9964545965194702,100,1130.0,SELL
1748961186000000000,AAPL,XNAS,0.9968816637992859,100,1.0,BUY
1748961206000000000,AAPL,XNAS,0.9970940947532654,100,144.0,BUY
1748961207000000000,AAPL,XNAS,0.9974669218063354,100,274.0,BUY
1748961208000000000,AAPL,XNAS,0.9979211091995239,100,199.0,BUY
1748961241000000000,AAPL,XNAS,0.9967331290245056,100,110.0,SELL
1748961271000000000,AAPL,XNAS,0.9973766207695007,100,11.0,BUY
1748961335000000000,AAPL,XNAS,0.9979988932609558,100,306.0,BUY
1748961345000000000,AAPL,XNAS,0.9983170628547668,100,1.0,BUY
1748961411000000000,AAPL,XNAS,0.9984160661697388,100,4.0,BUY
1748961456000000000,AAPL,XNAS,0.9979058504104614,100,286.0,BUY
1748961464000000000,AAPL,XNAS,0.9971358180046082,100,296.0,BUY
1748961483000000000,AAPL,XNAS,0.9972435235977173,100,617.0,BUY
1748961484000000000,AAPL,XNAS,0.9973271489143372,100,63.0,BUY
1748961505000000000,AAPL,XNAS,0.9972776174545288,100,90.0,BUY
1748961555000000000,AAPL,XNAS,0.9962818026542664,100,186.0,BUY
1748961603000000000,AAPL,XNAS,0.998886227607727,100,1.0,BUY
1748961605000000000,AAPL,XNAS,0.998886227607727,100,2.0,SELL
1748961607000000000,AAPL,XNAS,0.9992822408676147,100,5.0,BUY
1748961610000000000,AAPL,XNAS,0.9992822408676147,100,18.0,BUY
1748961613000000000,AAPL,XNAS,0.9993317127227783,100,320.0,BUY
1748961628000000000,AAPL,XNAS,0.9992327094078064,100,2.0,SELL
1748961635000000000,AAPL,XNAS,0.999505341053009,100,203.0,BUY
1748961648000000000,AAPL,XNAS,0.9992822408676147,100,3.0,SELL
1748961658000000000,AAPL,XNAS,0.9992822408676147,100,2.0,SELL
1748961662000000000,AAPL,XNAS,0.9995792508125305,100,100.0,BUY
1748961668000000000,AAPL,XNAS,0.9996782541275024,100,2.0,UNKNOWN
1748961670000000000,AAPL,XNAS,0.9995792508125305,100,1.0,SELL
1748961675000000000,AAPL,XNAS,0.9994802474975586,100,200.0,SELL
1748961676000000000,AAPL,XNAS,0.9994307160377502,100,9.0,SELL
1748961677000000000,AAPL,XNAS,0.9993812441825867,100,2.0,SELL
1748961684000000000,AAPL,XNAS,0.9997720122337341,100,113.0,BUY
1748961685000000000,AAPL,XNAS,0.9998762607574463,100,15.0,SELL
1748961691000000000,AAPL,XNAS,0.9996287226676941,100,2.0,SELL
1748961707000000000,AAPL,XNAS,0.999727725982666,100,2.0,SELL
1748961711000000000,AAPL,XNAS,0.9998267292976379,100,2.0,SELL
1748961718000000000,AAPL,XNAS,1.0001732110977173,100,3.0,SELL
1748961728000000000,AAPL,XNAS,1.000272274017334,100,3.0,SELL
1748961732000000000,AAPL,XNAS,1.0003712177276611,100,1.0,SELL
1748961736000000000,AAPL,XNAS,1.0000742673873901,100,6.0,BUY
1748961761000000000,AAPL,XNAS,0.9992341995239258,100,103.0,SELL
1748961765000000000,AAPL,XNAS,0.9987376928329468,100,5.0,SELL
1748961770000000000,AAPL,XNAS,0.9985892176628113,100,8.0,SELL
1748961771000000000,AAPL,XNAS,0.9986139535903931,100,4.0,BUY
1748961772000000000,AAPL,XNAS,0.9987376928329468,100,100.0,SELL
1748961782000000000,AAPL,XNAS,0.9986386895179749,100,2.0,SELL
1748961788000000000,AAPL,XNAS,0.9987376928329468,100,3.0,SELL
1748961796000000000,AAPL,XNAS,0.9991089701652527,100,200.0,SELL
1748961802000000000,AAPL,XNAS,0.9990347027778625,100,1.0,BUY
1748961819000000000,AAPL,XNAS,0.9986386895179749,100,25.0,SELL
1748961822000000000,AAPL,XNAS,0.9985416531562805,100,102.0,SELL
1748961829000000000,AAPL,XNAS,0.998440682888031,100,3.0,SELL
1748961831000000000,AAPL,XNAS,0.9983416795730591,100,3.0,SELL
1748961833000000000,AAPL,XNAS,0.9985396862030029,100,2.0,SELL
1748961840000000000,AAPL,XNAS,0.9981667995452881,100,15.0,BUY
1748961849000000000,AAPL,XNAS,0.9973021745681763,100,2.0,SELL
1748961851000000000,AAPL,XNAS,0.997599184513092,100,1.0,SELL
1748961860000000000,AAPL,XNAS,0.9975869059562683,100,109.0,BUY
1748961876000000000,AAPL,XNAS,0.9975497126579285,100,1.0,SELL
1748961880000000000,AAPL,XNAS,0.9977971911430359,100,200.0,BUY
1748961886000000000,AAPL,XNAS,0.998007595539093,100,4.0,SELL
1748961893000000000,AAPL,XNAS,0.997698187828064,100,3.0,SELL
1748961897000000000,AAPL,XNAS,0.9975001811981201,100,100.0,SELL
1748961899000000000,AAPL,XNAS,0.9974011778831482,100,2.0,SELL
1748961902000000000,AAPL,XNAS,0.997599184513092,100,3.0,SELL
1748961926000000000,AAPL,XNAS,0.9980942010879517,100,4.0,SELL
1748961929000000000,AAPL,XNAS,0.9975495338439941,100,300.0,SELL
1748961938000000000,AAPL,XNAS,0.9978961944580078,100,1.0,SELL
1748961939000000000,AAPL,XNAS,0.9979951977729797,100,1.0,SELL
1748961941000000000,AAPL,XNAS,0.9972618818283081,100,113.0,SELL
1748961944000000000,AAPL,XNAS,0.9975001811981201,100,2.0,SELL
1748961946000000000,AAPL,XNAS,0.9974011778831482,100,100.0,SELL
1748961950000000000,AAPL,XNAS,0.9975497126579285,100,3.0,SELL
1748961955000000000,AAPL,XNAS,0.9977477192878723,100,1.0,SELL
1748961960000000000,AAPL,XNAS,0.9978467226028442,100,2.0,BUY
1748961964000000000,AAPL,XNAS,0.9977971911430359,100,3.0,SELL
1748961967000000000,AAPL,XNAS,0.9976487159729004,100,37.0,BUY
1748961968000000000,AAPL,XNAS,0.9974507093429565,100,1.0,SELL
1748961974000000000,AAPL,XNAS,0.9978467226028442,100,3.0,BUY
1748961986000000000,AAPL,XNAS,0.9980447292327881,100,2.0,BUY
1748961993000000000,AAPL,XNAS,0.9977641701698303,100,120.0,BUY
1748961995000000000,AAPL,XNAS,0.9977971911430359,100,3.0,BUY
1748962004000000000,AAPL,XNAS,0.9977971911430359,100,2.0,BUY
1748962006000000000,AAPL,XNAS,0.9981436729431152,100,100.0,BUY
1748962025000000000,AAPL,XNAS,0.9975001811981201,100,8.0,SELL
1748962028000000000,AAPL,XNAS,0.9972031712532043,100,49.0,SELL
1748962031000000000,AAPL,XNAS,0.9972031712532043,100,2.0,SELL
1748962034000000000,AAPL,XNAS,0.9973517060279846,100,100.0,BUY
1748962035000000000,AAPL,XNAS,0.9974011778831482,100,3.0,SELL
1748962043000000000,AAPL,XNAS,0.9973517060279846,100,2.0,BUY
1748962046000000000,AAPL,XNAS,0.9973517060279846,100,8.0,BUY
1748962049000000000,AAPL,XNAS,0.9975497126579285,100,206.0,SELL
1748962059000000000,AAPL,XNAS,0.9976487159729004,100,3.0,SELL
1748962060000000000,AAPL,XNAS,0.9980942010879517,100,6.0,BUY
1748962080000000000,AAPL,XNAS,0.9972527027130127,100,2.0,SELL
1748962089000000000,AAPL,XNAS,0.9969556927680969,100,3.0,SELL
1748962094000000000,AAPL,XNAS,0.9969556927680969,100,3.0,SELL
1748962114000000000,AAPL,XNAS,0.9968071579933167,100,74.0,SELL
1748962116000000000,AAPL,XNAS,0.9966091513633728,100,18.0,SELL
1748962117000000000,AAPL,XNAS,0.9966586828231812,100,2.0,SELL
1748962123000000000,AAPL,XNAS,0.9964606761932373,100,1.0,BUY
1748962130000000000,AAPL,XNAS,0.9961141347885132,100,8.0,BUY
1748962135000000000,AAPL,XNAS,0.9957181215286255,100,8.0,SELL
1748962140000000000,AAPL,XNAS,0.9959161281585693,100,5.0,BUY
1748962142000000000,AAPL,XNAS,0.9958171248435974,100,3.0,SELL
1748962155000000000,AAPL,XNAS,0.99556964635849,100,1.0,SELL
1748962158000000000,AAPL,XNAS,0.9953716397285461,100,24.0,BUY
1748962160000000000,AAPL,XNAS,0.9949756264686584,99,10.0,BUY
1748962162000000000,AAPL,XNAS,0.9944310784339905,99,212.0,SELL
1748962164000000000,AAPL,XNAS,0.9943816065788269,99,5.0,BUY
1748962165000000000,AAPL,XNAS,0.9943320751190186,99,1.0,SELL
1748962168000000000,AAPL,XNAS,0.9945300817489624,99,2.0,SELL
1748962169000000000,AAPL,XNAS,0.9944878220558167,99,103.0,BUY
1748962175000000000,AAPL,XNAS,0.9946786165237427,99,101.0,BUY
1748962176000000000,AAPL,XNAS,0.9945796132087708,99,5.0,SELL
1748962189000000000,AAPL,XNAS,0.9946786165237427,99,3.0,SELL
1748962195000000000,AAPL,XNAS,0.9946290850639343,99,3.0,SELL
1748962200000000000,AAPL,XNAS,0.9994706511497498,100,5.0,SELL
1748962203000000000,AAPL,XNAS,0.99945068359375,100,2.0,SELL
1748962210000000000,AAPL,XNAS,0.9992642402648926,100,30.0,SELL
1748962232000000000,AAPL,XNAS,0.9994072914123535,100,38.0,BUY
1748962235000000000,AAPL,XNAS,0.9992883205413818,100,494.0,SELL
1748962300000000000,AAPL,XNAS,0.9995476603507996,100,347.0,BUY
1748962347000000000,AAPL,XNAS,0.9998002648353577,100,100.0,BUY
1748962349000000000,AAPL,XNAS,0.9999001026153564,100,1.0,BUY
1748962369000000000,AAPL,XNAS,0.9995737671852112,100,716.0,BUY
1748962463000000000,AAPL,XNAS,0.9992009401321411,100,99.0,SELL
1748962486000000000,AAPL,XNAS,0.99945068359375,100,11.0,BUY
1748962500000000000,AAPL,XNAS,0.9992009401321411,100,1.0,SELL
1748962518000000000,AAPL,XNAS,0.9992009401321411,100,100.0,SELL
1748962521000000000,AAPL,XNAS,0.9992508888244629,100,1.0,SELL
1748962536000000000,AAPL,XNAS,0.9992479085922241,100,200.0,SELL
1748962557000000000,AAPL,XNAS,0.99945068359375,100,306.0,SELL
1748962558000000000,AAPL,XNAS,0.9992508888244629,100,3.0,SELL
1748962597000000000,AAPL,XNAS,0.9991605281829834,100,237.0,SELL
1748962637000000000,AAPL,XNAS,0.9989429116249084,100,126.0,SELL
1748962728000000000,AAPL,XNAS,0.9988513588905334,100,34.0,SELL
1748962730000000000,AAPL,XNAS,0.9990511536598206,100,15.0,BUY
1748962733000000000,AAPL,XNAS,0.9990511536598206,100,15.0,BUY
1748962762000000000,AAPL,XNAS,0.9988034963607788,100,602.0,BUY
1748962763000000000,AAPL,XNAS,0.9986016750335693,100,93.0,SELL
1748962764000000000,AAPL,XNAS,0.9984219670295715,100,167.0,SELL
1748962785000000000,AAPL,XNAS,0.9986020922660828,100,232.0,SELL
1748962788000000000,AAPL,XNAS,0.9985017776489258,100,100.0,SELL
1748962794000000000,AAPL,XNAS,0.9984078407287598,100,320.0,SELL
1748962812000000000,AAPL,XNAS,0.9997851252555847,100,1.0,SELL
1748962845000000000,AAPL,XNAS,0.999416708946228,100,7.0,SELL
1748962934000000000,AAPL,XNAS,0.9998306035995483,100,105.0,SELL
1748962964000000000,AAPL,XNAS,0.99992835521698,100,20.0,BUY
1748962979000000000,AAPL,XNAS,1.0000628232955933,100,27.0,SELL
1748962990000000000,AAPL,XNAS,0.9998806118965149,100,1.0,SELL
1748963001000000000,AAPL,XNAS,0.9998806118965149,100,2.0,SELL
1748963014000000000,AAPL,XNAS,0.9998806118965149,100,17.0,BUY
1748963015000000000,AAPL,XNAS,0.9999760985374451,100,10.0,BUY
1748963031000000000,AAPL,XNAS,0.9997608661651611,100,203.0,BUY
1748963089000000000,AAPL,XNAS,0.9998473525047302,100,307.0,BUY
1748963160000000000,AAPL,XNAS,1.0001193284988403,100,12.0,BUY
1748963194000000000,AAPL,XNAS,0.9998328685760498,100,20.0,SELL
1748963274000000000,AAPL,XNAS,0.9997326135635376,100,111.0,BUY
1748963310000000000,AAPL,XNAS,0.999520480632782,100,61.0,BUY
1748963318000000000,AAPL,XNAS,0.9994030594825745,100,10.0,BUY
1748963329000000000,AAPL,XNAS,0.9992598295211792,100,110.0,SELL
1748963338000000000,AAPL,XNAS,0.9993553161621094,100,2.0,UNKNOWN
1748963349000000000,AAPL,XNAS,0.9992120265960693,100,5.0,SELL
1748963395000000000,AAPL,XNAS,0.9993075728416443,100,300.0,SELL
1748963406000000000,AAPL,XNAS,0.9999175071716309,100,2.0,SELL
1748963423000000000,AAPL,XNAS,0.9994673728942871,100,351.0,SELL
1748963434000000000,AAPL,XNAS,0.9982951283454895,100,201.0,SELL
1748963436000000000,AAPL,XNAS,0.9989256262779236,100,243.0,SELL
1748963466000000000,AAPL,XNAS,0.9991476535797119,100,2.0,BUY
1748963491000000000,AAPL,XNAS,0.9990101456642151,100,200.0,BUY
1748963507000000000,AAPL,XNAS,0.9992026090621948,100,2.0,BUY
1748963532000000000,AAPL,XNAS,0.9994226098060608,100,100.0,BUY
1748963568000000000,AAPL,XNAS,0.9995131492614746,100,495.0,SELL
1748963583000000000,AAPL,XNAS,0.9994970560073853,100,621.0,SELL
1748963589000000000,AAPL,XNAS,0.9995325803756714,100,1.0,SELL
1748963591000000000,AAPL,XNAS,1.0000275373458862,100,200.0,SELL
1748963598000000000,AAPL,XNAS,0.9997236728668213,100,202.0,SELL
1748963618000000000,AAPL,XNAS,0.9996975660324097,100,100.0,BUY
1748963619000000000,AAPL,XNAS,0.9993125796318054,100,2.0,BUY
1748963627000000000,AAPL,XNAS,0.9992026090621948,100,100.0,BUY
1748963629000000000,AAPL,XNAS,0.9996975660324097,100,70.0,BUY
1748963642000000000,AAPL,XNAS,0.9991476535797119,100,1.0,BUY
1748963662000000000,AAPL,XNAS,0.9982677698135376,100,6.0,SELL
1748963685000000000,AAPL,XNAS,0.9982909560203552,100,218.0,BUY
1748963692000000000,AAPL,XNAS,0.9985976815223694,100,4.0,BUY
1748963742000000000,AAPL,XNAS,0.9976062178611755,100,203.0,BUY
1748963762000000000,AAPL,XNAS,0.9981746077537537,100,147.0,BUY
1748963766000000000,AAPL,XNAS,0.9982860684394836,100,18.0,SELL
1748963776000000000,AAPL,XNAS,0.9988726377487183,100,10.0,SELL
1748963777000000000,AAPL,XNAS,0.9987080693244934,100,602.0,SELL
1748963778000000000,AAPL,XNAS,0.9985976815223694,100,2.0,SELL
1748963781000000000,AAPL,XNAS,0.9984233975410461,100,212.0,SELL
1748963798000000000,AAPL,XNAS,0.9982897639274597,100,10.0,SELL
1748963826000000000,AAPL,XNAS,0.9988699555397034,100,101.0,BUY
1748963827000000000,AAPL,XNAS,0.9981027841567993,100,6.0,SELL
1748963828000000000,AAPL,XNAS,0.9982677698135376,100,3.0,SELL
1748963834000000000,AAPL,XNAS,0.9978817105293274,100,101.0,SELL
1748963836000000000,AAPL,XNAS,0.9977178573608398,100,15.0,SELL
1748963837000000000,AAPL,XNAS,0.9974978566169739,100,1.0,SELL
1748963839000000000,AAPL,XNAS,0.9970606565475464,100,101.0,BUY
1748963885000000000,AAPL,XNAS,0.9974978566169739,100,9.0,SELL
1748963887000000000,AAPL,XNAS,0.9976628422737122,100,2.0,BUY
1748963914000000000,AAPL,XNAS,0.9964562654495239,100,320.0,SELL
1748963951000000000,AAPL,XNAS,0.9959580898284912,100,2.0,SELL
1748963954000000000,AAPL,XNAS,0.9954081773757935,100,1.0,SELL
1748963971000000000,AAPL,XNAS,0.9966645240783691,100,52.0,BUY
1748963985000000000,AAPL,XNAS,0.9967585206031799,100,360.0,BUY
1748963996000000000,AAPL,XNAS,0.99573814868927,100,200.0,SELL
1748963997000000000,AAPL,XNAS,0.9952065348625183,100,3.0,SELL
1748963998000000000,AAPL,XNAS,0.9950782060623169,100,1.0,SELL
1748964009000000000,AAPL,XNAS,0.9997220039367676,100,1.0,UNKNOWN
1748964023000000000,AAPL,XNAS,0.9998736381530762,100,109.0,SELL
1748964067000000000,AAPL,XNAS,0.9996152520179749,100,170.0,BUY
1748964070000000000,AAPL,XNAS,0.9994993209838867,100,407.0,SELL
1748964076000000000,AAPL,XNAS,0.9996209144592285,100,207.0,BUY
1748964078000000000,AAPL,XNAS,0.9993681311607361,100,16.0,SELL
1748964079000000000,AAPL,XNAS,0.9994575381278992,100,294.0,BUY
1748964081000000000,AAPL,XNAS,0.9996209144592285,100,2.0,BUY
1748964083000000000,AAPL,XNAS,0.9997725486755371,100,139.0,BUY
1748964166000000000,AAPL,XNAS,0.9992164969444275,100,2.0,BUY
1748964177000000000,AAPL,XNAS,0.9995198249816895,100,5.0,BUY
1748964183000000000,AAPL,XNAS,0.9996185302734375,100,215.0,SELL
1748964229000000000,AAPL,XNAS,0.999671459197998,100,36.0,BUY
1748964288000000000,AAPL,XNAS,0.999671459197998,100,2.0,BUY
1748964316000000000,AAPL,XNAS,0.9999239444732666,100,206.0,BUY
1748964355000000000,AAPL,XNAS,0.9997725486755371,100,2.0,BUY
1748964370000000000,AAPL,XNAS,0.9999747276306152,100,46.0,BUY
1748964397000000000,AAPL,XNAS,0.9996674656867981,100,127.0,BUY
1748964403000000000,AAPL,XNAS,0.9999747276306152,100,1.0,BUY
1748964410000000000,AAPL,XNAS,0.9997725486755371,100,2.0,BUY
1748964440000000000,AAPL,XNAS,1.0000758171081543,100,2.0,BUY
1748964469000000000,AAPL,XNAS,0.9997725486755371,100,1.0,SELL
1748964474000000000,AAPL,XNAS,1.0001263618469238,100,1.0,BUY
1748964529000000000,AAPL,XNAS,0.9998736381530762,100,2.0,UNKNOWN
1748964541000000000,AAPL,XNAS,1.0000252723693848,100,5.0,BUY
1748964552000000000,AAPL,XNAS,0.9997725486755371,100,2.0,SELL
1748964576000000000,AAPL,XNAS,1.0001263618469238,100,109.0,UNKNOWN
1748964606000000000,AAPL,XNAS,0.9955177903175354,100,31.0,BUY
1748964624000000000,AAPL,XNAS,0.9965701699256897,100,454.0,SELL
1748964626000000000,AAPL,XNAS,0.9953959584236145,100,200.0,BUY
1748964645000000000,AAPL,XNAS,0.994442880153656,99,635.0,BUY
1748964649000000000,AAPL,XNAS,0.9930293560028076,99,401.0,BUY
1748964670000000000,AAPL,XNAS,0.9918187260627747,99,2.0,SELL
1748964698000000000,AAPL,XNAS,0.9924812316894531,99,1.0,BUY
1748964709000000000,AAPL,XNAS,0.9940381646156311,99,149.0,BUY
1748964712000000000,AAPL,XNAS,0.9936736226081848,99,125.0,BUY
1748964716000000000,AAPL,XNAS,0.9942055344581604,99,68.0,SELL
1748964717000000000,AAPL,XNAS,0.9967208504676819,100,20.0,BUY
1748964722000000000,AAPL,XNAS,0.996666669845581,100,121.0,SELL
1748964744000000000,AAPL,XNAS,0.9993706941604614,100,3.0,SELL
1748964783000000000,AAPL,XNAS,1.0009605884552002,100,1.0,BUY
1748964790000000000,AAPL,XNAS,1.0009605884552002,100,2.0,BUY
1748964813000000000,AAPL,XNAS,0.9989994168281555,100,936.0,BUY
1748964856000000000,AAPL,XNAS,0.9977145791053772,100,2.0,SELL
1748964864000000000,AAPL,XNAS,0.9977145791053772,100,1.0,SELL
1748964868000000000,AAPL,XNAS,0.9977807998657227,100,1.0,SELL
1748964888000000000,AAPL,XNAS,0.9977231621742249,100,23.0,BUY
1748964910000000000,AAPL,XNAS,0.997118353843689,100,2.0,BUY
1748964929000000000,AAPL,XNAS,0.9949786067008972,99,666.0,BUY
1748964930000000000,AAPL,XNAS,0.9935411214828491,99,1.0,BUY
1748964953000000000,AAPL,XNAS,0.9918187260627747,99,1.0,SELL
1748964958000000000,AAPL,XNAS,0.993872344493866,99,10.0,BUY
1748964968000000000,AAPL,XNAS,0.993777871131897,99,1145.0,BUY
1748964978000000000,AAPL,XNAS,0.9912855625152588,99,122.0,SELL
1748965020000000000,AAPL,XNAS,0.9928786754608154,99,1.0,SELL
1748965030000000000,AAPL,XNAS,0.9929448962211609,99,2.0,SELL
1748965032000000000,AAPL,XNAS,0.9941673278808594,99,221.0,BUY
1748965033000000000,AAPL,XNAS,0.9946010112762451,99,20.0,BUY
1748965051000000000,AAPL,XNAS,0.9922576546669006,99,800.0,SELL
1748965052000000000,AAPL,XNAS,0.9921499490737915,99,26.0,SELL
1748965089000000000,AAPL,XNAS,0.9958330988883972,100,336.0,SELL
1748965090000000000,AAPL,XNAS,0.997648298740387,100,1.0,BUY
1748965106000000000,AAPL,XNAS,0.995859682559967,100,405.0,SELL
1748965107000000000,AAPL,XNAS,0.9958478212356567,100,39.0,BUY
1748965150000000000,AAPL,XNAS,0.9968533515930176,100,1.0,SELL
1748965158000000000,AAPL,XNAS,0.9958982467651367,100,306.0,SELL
1748965161000000000,AAPL,XNAS,0.9955947399139404,100,5.0,SELL
1748965190000000000,AAPL,XNAS,0.9984726309776306,100,142.0,SELL
1748965205000000000,AAPL,XNAS,0.999596893787384,100,44.0,SELL
1748965208000000000,AAPL,XNAS,0.9994457364082336,100,100.0,BUY
1748965222000000000,AAPL,XNAS,0.9994939565658569,100,2.0,BUY
1748965243000000000,AAPL,XNAS,0.9997830986976624,100,100.0,SELL
1748965280000000000,AAPL,XNAS,0.9998795390129089,100,21.0,SELL
1748965314000000000,AAPL,XNAS,0.9993642568588257,100,291.0,SELL
1748965332000000000,AAPL,XNAS,0.9993493556976318,100,100.0,SELL
1748965339000000000,AAPL,XNAS,0.9991565942764282,100,8.0,SELL
1748965341000000000,AAPL,XNAS,0.9991565942764282,100,207.0,SELL
1748965343000000000,AAPL,XNAS,0.9991565942764282,100,153.0,BUY
1748965346000000000,AAPL,XNAS,0.9990409016609192,100,5.0,SELL
1748965353000000000,AAPL,XNAS,0.9989156126976013,100,1.0,BUY
1748965368000000000,AAPL,XNAS,0.9986751079559326,100,100.0,SELL
1748965374000000000,AAPL,XNAS,0.9982408285140991,100,10.0,SELL
1748965378000000000,AAPL,XNAS,0.9982408285140991,100,2.0,BUY
1748965402000000000,AAPL,XNAS,0.9973870515823364,100,14.0,SELL
1748965408000000000,AAPL,XNAS,0.9970841407775879,100,4.0,BUY
1748965418000000000,AAPL,XNAS,0.9966021776199341,100,5.0,BUY
1748965435000000000,AAPL,XNAS,0.9966985583305359,100,21.0,UNKNOWN
1748965448000000000,AAPL,XNAS,0.9963611960411072,100,13.0,SELL
1748965471000000000,AAPL,XNAS,0.9964093565940857,100,100.0,BUY
1748965474000000000,AAPL,XNAS,0.9962165951728821,100,11.0,BUY
1748965475000000000,AAPL,XNAS,0.9962648153305054,100,20.0,SELL
1748965509000000000,AAPL,XNAS,0.9966163039207458,100,355.0,SELL
1748965521000000000,AAPL,XNAS,0.996457576751709,100,200.0,SELL
1748965559000000000,AAPL,XNAS,0.9962165951728821,100,1.0,SELL
1748965572000000000,AAPL,XNAS,0.9959743618965149,100,39.0,BUY
1748965584000000000,AAPL,XNAS,0.9954454302787781,100,68.0,SELL
1748965586000000000,AAPL,XNAS,0.9957346320152283,100,1.0,SELL
1748965615000000000,AAPL,XNAS,0.9954454302787781,100,133.0,SELL
1748965636000000000,AAPL,XNAS,0.995686411857605,100,1.0,BUY
1748965645000000000,AAPL,XNAS,0.9954936504364014,100,1.0,SELL
1748965669000000000,AAPL,XNAS,0.995884358882904,100,112.0,BUY
1748965714000000000,AAPL,XNAS,0.9952955842018127,100,173.0,BUY
1748965715000000000,AAPL,XNAS,0.9953008890151978,100,1.0,BUY
1748965718000000000,AAPL,XNAS,0.9954454302787781,100,75.0,SELL
1748965719000000000,AAPL,XNAS,0.9955418705940247,100,68.0,BUY
1748965765000000000,AAPL,XNAS,0.9958310127258301,100,1.0,BUY
1748965771000000000,AAPL,XNAS,0.9961202144622803,100,9.0,BUY
1748965811000000000,AAPL,XNAS,0.9995896816253662,100,55.0,SELL
1748965812000000000,AAPL,XNAS,0.9992517828941345,100,6.0,SELL
1748965814000000000,AAPL,XNAS,0.999025285243988,100,214.0,SELL
1748965815000000000,AAPL,XNAS,0.9989379644393921,100,10.0,BUY
1748965817000000000,AAPL,XNAS,0.9987690448760986,100,1.0,SELL
1748965818000000000,AAPL,XNAS,0.9987207651138306,100,1.0,SELL
1748965830000000000,AAPL,XNAS,0.9986248016357422,100,82.0,SELL
1748965831000000000,AAPL,XNAS,0.9988656044006348,100,27.0,BUY
1748965846000000000,AAPL,XNAS,0.9990103840827942,100,101.0,SELL
1748965850000000000,AAPL,XNAS,0.9992517828941345,100,7.0,BUY
1748965889000000000,AAPL,XNAS,0.999223530292511,100,458.0,BUY
1748965890000000000,AAPL,XNAS,0.9987207651138306,100,58.0,SELL
1748965907000000000,AAPL,XNAS,0.9991010427474976,100,114.0,SELL
1748965948000000000,AAPL,XNAS,0.9989138841629028,100,5.0,SELL
1748965954000000000,AAPL,XNAS,0.9991552233695984,100,5.0,SELL
1748965969000000000,AAPL,XNAS,0.9992035031318665,100,100.0,SELL
1748966004000000000,AAPL,XNAS,0.9990115165710449,100,129.0,BUY
1748966008000000000,AAPL,XNAS,0.9990103840827942,100,100.0,BUY
1748966012000000000,AAPL,XNAS,0.9985083341598511,100,150.0,SELL
1748966013000000000,AAPL,XNAS,0.9988173246383667,100,1.0,BUY
1748966014000000000,AAPL,XNAS,0.9985759258270264,100,100.0,SELL
1748966024000000000,AAPL,XNAS,0.9984115362167358,100,128.0,BUY
1748966036000000000,AAPL,XNAS,0.9985759258270264,100,132.0,BUY
1748966037000000000,AAPL,XNAS,0.9985759258270264,100,2.0,BUY
1748966071000000000,AAPL,XNAS,0.9989143013954163,100,103.0,SELL
1748966140000000000,AAPL,XNAS,0.9987210631370544,100,151.0,BUY
1748966146000000000,AAPL,XNAS,0.9988656044006348,100,302.0,SELL
1748966148000000000,AAPL,XNAS,0.9988656044006348,100,100.0,BUY
1748966220000000000,AAPL,XNAS,0.9992035031318665,100,78.0,UNKNOWN
1748966255000000000,AAPL,XNAS,0.9993483424186707,100,100.0,SELL
1748966315000000000,AAPL,XNAS,0.9995896816253662,100,17.0,BUY
1748966318000000000,AAPL,XNAS,0.9991552233695984,100,2.0,SELL
1748966340000000000,AAPL,XNAS,0.999444842338562,100,100.0,BUY
1748966375000000000,AAPL,XNAS,0.9993483424186707,100,13.0,BUY
1748966381000000000,AAPL,XNAS,0.9993994235992432,100,103.0,BUY
1748966396000000000,AAPL,XNAS,0.9995333552360535,100,6.0,SELL
1748966550000000000,AAPL,XNAS,0.9998602867126465,100,181.0,BUY
1748966552000000000,AAPL,XNAS,1.0,100,20.0,BUY
1748966553000000000,AAPL,XNAS,1.0000489950180054,100,10.0,BUY
1748966566000000000,AAPL,XNAS,0.9998039603233337,100,311.0,BUY
1748966624000000000,AAPL,XNAS,0.9994118809700012,100,104.0,BUY
1748966637000000000,AAPL,XNAS,0.9993628859519958,100,22.0,BUY
1748966643000000000,AAPL,XNAS,0.999215841293335,100,202.0,BUY
1748966648000000000,AAPL,XNAS,0.999302327632904,100,17.0,BUY
1748966685000000000,AAPL,XNAS,0.999215841293335,100,8.0,BUY
1748966686000000000,AAPL,XNAS,0.9993138313293457,100,100.0,BUY
1748966694000000000,AAPL,XNAS,0.9994668960571289,100,41.0,BUY
1748966697000000000,AAPL,XNAS,0.9995589256286621,100,1.0,BUY
1748966702000000000,AAPL,XNAS,0.9997667074203491,100,104.0,BUY
1748966753000000000,AAPL,XNAS,0.9996569156646729,100,109.0,SELL
1748966761000000000,AAPL,XNAS,0.9995589256286621,100,100.0,BUY
1748966775000000000,AAPL,XNAS,0.9994118809700012,100,1.0,BUY
1748966790000000000,AAPL,XNAS,0.9993138313293457,100,8.0,SELL
1748966821000000000,AAPL,XNAS,0.9995090961456299,100,122.0,BUY
1748966841000000000,AAPL,XNAS,0.9993138313293457,100,8.0,BUY
1748966845000000000,AAPL,XNAS,0.999215841293335,100,2.0,BUY
1748966852000000000,AAPL,XNAS,0.9993138313293457,100,2.0,BUY
1748966899000000000,AAPL,XNAS,0.9993638396263123,100,104.0,SELL
1748966949000000000,AAPL,XNAS,0.9990687966346741,100,108.0,BUY
1748967017000000000,AAPL,XNAS,1.0,100,2.0,BUY
1748967027000000000,AAPL,XNAS,0.9998156428337097,100,5.0,SELL
1748967031000000000,AAPL,XNAS,1.0,100,5.0,BUY
1748967035000000000,AAPL,XNAS,1.0000970363616943,100,1.0,BUY
1748967067000000000,AAPL,XNAS,1.0000970363616943,100,1.0,BUY
1748967082000000000,AAPL,XNAS,1.0000970363616943,100,3.0,SELL
1748967086000000000,AAPL,XNAS,1.0000970363616943,100,3.0,SELL
1748967095000000000,AAPL,XNAS,1.0001940727233887,100,1.0,BUY
1748967115000000000,AAPL,XNAS,0.9997574090957642,100,100.0,SELL
1748967121000000000,AAPL,XNAS,0.9996603727340698,100,3.0,SELL
1748967144000000000,AAPL,XNAS,1.0001883506774902,100,102.0,BUY
1748967172000000000,AAPL,XNAS,0.9999550580978394,100,27.0,BUY
1748967174000000000,AAPL,XNAS,0.9995148181915283,100,6.0,SELL
1748967176000000000,AAPL,XNAS,0.9996621608734131,100,246.0,SELL
1748967194000000000,AAPL,XNAS,0.9998059272766113,100,4.0,SELL
1748967204000000000,AAPL,XNAS,1.0001455545425415,100,2.0,BUY
1748967215000000000,AAPL,XNAS,1.0003881454467773,100,11.0,BUY
1748967218000000000,AAPL,XNAS,1.0000485181808472,100,1.0,SELL
1748967257000000000,AAPL,XNAS,1.000582218170166,100,2.0,BUY
1748967280000000000,AAPL,XNAS,1.000582218170166,100,2.0,BUY
1748967298000000000,AAPL,XNAS,1.000582218170166,100,1.0,BUY
1748967313000000000,AAPL,XNAS,1.0007439851760864,100,3.0,BUY
1748967319000000000,AAPL,XNAS,1.0009218454360962,100,212.0,BUY
1748967377000000000,AAPL,XNAS,1.001164436340332,100,90.0,BUY
1748967392000000000,AAPL,XNAS,1.0010673999786377,100,2.0,SELL
1748967417000000000,AAPL,XNAS,1.0012129545211792,100,1.0,SELL
1748967418000000000,AAPL,XNAS,1.001164436340332,100,2.0,SELL
1748967428000000000,AAPL,XNAS,1.001164436340332,100,1.0,BUY
1748967433000000000,AAPL,XNAS,1.0009703636169434,100,63.0,SELL
1748967435000000000,AAPL,XNAS,1.0010403394699097,100,305.0,SELL
1748967440000000000,AAPL,XNAS,1.0015040636062622,100,256.0,BUY
1748967472000000000,AAPL,XNAS,1.001286506652832,100,209.0,BUY
1748967477000000000,AAPL,XNAS,1.0008763074874878,100,65.0,SELL
1748967479000000000,AAPL,XNAS,1.001164436340332,100,44.0,BUY
1748967515000000000,AAPL,XNAS,1.0011159181594849,100,2.0,UNKNOWN
1748967544000000000,AAPL,XNAS,1.0012856721878052,100,2.0,SELL
1748967557000000000,AAPL,XNAS,1.001455545425415,100,2.0,BUY
1748967588000000000,AAPL,XNAS,1.001455545425415,100,2.0,BUY
1748967590000000000,AAPL,XNAS,1.001455545425415,100,1.0,SELL
1748967619000000000,AAPL,XNAS,0.9997427463531494,100,101.0,SELL
1748967635000000000,AAPL,XNAS,0.9996492266654968,100,2.0,SELL
1748967652000000000,AAPL,XNAS,0.9996959567070007,100,101.0,BUY
1748967681000000000,AAPL,XNAS,0.9995166659355164,100,12.0,SELL
1748967683000000000,AAPL,XNAS,0.9996492266654968,100,3.0,UNKNOWN
1748967741000000000,AAPL,XNAS,0.9996959567070007,100,1.0,SELL
1748967743000000000,AAPL,XNAS,0.9996492266654968,100,5.0,BUY
1748967747000000000,AAPL,XNAS,0.9995556473731995,100,101.0,SELL
1748967749000000000,AAPL,XNAS,0.9996959567070007,100,2.0,BUY
1748967770000000000,AAPL,XNAS,0.9997115731239319,100,3.0,BUY
1748967777000000000,AAPL,XNAS,0.9997432231903076,100,200.0,BUY
1748967779000000000,AAPL,XNAS,0.9997895359992981,100,104.0,SELL
1748967827000000000,AAPL,XNAS,0.9995342493057251,100,214.0,SELL
1748967828000000000,AAPL,XNAS,0.9993763566017151,100,6.0,SELL
1748967863000000000,AAPL,XNAS,0.9995556473731995,100,2.0,SELL
1748967892000000000,AAPL,XNAS,0.9995089173316956,100,3.0,SELL
1748967923000000000,AAPL,XNAS,0.9996336102485657,100,3.0,SELL
1748967941000000000,AAPL,XNAS,0.9995790719985962,100,4.0,BUY
1748968012000000000,AAPL,XNAS,0.9994153380393982,100,2.0,SELL
1748968043000000000,AAPL,XNAS,0.9995996952056885,100,102.0,BUY
1748968044000000000,AAPL,XNAS,0.9996024370193481,100,1.0,BUY
1748968060000000000,AAPL,XNAS,0.9996024370193481,100,200.0,BUY
1748968064000000000,AAPL,XNAS,0.9994575381278992,100,142.0,BUY
1748968103000000000,AAPL,XNAS,0.9992750287055969,100,2.0,SELL
1748968106000000000,AAPL,XNAS,0.9992750287055969,100,3.0,SELL
1748968107000000000,AAPL,XNAS,0.9992282390594482,100,20.0,SELL
1748968163000000000,AAPL,XNAS,0.9991347193717957,100,1.0,SELL
1748968192000000000,AAPL,XNAS,0.9991347193717957,100,2.0,SELL
1748968194000000000,AAPL,XNAS,0.9991815090179443,100,1.0,SELL
1748968302000000000,AAPL,XNAS,0.995688259601593,100,704.0,SELL
1748968304000000000,AAPL,XNAS,0.9983168244361877,100,200.0,BUY
1748968322000000000,AAPL,XNAS,0.9991896748542786,100,842.0,SELL
1748968324000000000,AAPL,XNAS,0.9986633658409119,100,4.0,SELL
1748968327000000000,AAPL,XNAS,1.0014820098876953,100,140.0,BUY
1748968332000000000,AAPL,XNAS,0.9999765753746033,100,74.0,SELL
1748968339000000000,AAPL,XNAS,1.0002474784851074,100,1.0,SELL
1748968343000000000,AAPL,XNAS,0.9996848702430725,100,563.0,BUY
1748968374000000000,AAPL,XNAS,0.9987671971321106,100,347.0,SELL
1748968377000000000,AAPL,XNAS,0.9996534585952759,100,23.0,SELL
1748968386000000000,AAPL,XNAS,1.0021337270736694,100,197.0,SELL
1748968461000000000,AAPL,XNAS,1.0014724731445312,100,341.0,SELL
1748968493000000000,AAPL,XNAS,1.0004454851150513,100,3.0,SELL
1748968528000000000,AAPL,XNAS,1.0006130933761597,100,125.0,SELL
1748968543000000000,AAPL,XNAS,1.0001980066299438,100,100.0,BUY
1748968608000000000,AAPL,XNAS,0.9993564486503601,100,23.0,BUY
1748968609000000000,AAPL,XNAS,0.9998514652252197,100,84.0,SELL
1748968613000000000,AAPL,XNAS,0.9989603757858276,100,258.0,SELL
1748968614000000000,AAPL,XNAS,0.9989603757858276,100,8.0,SELL
1748968631000000000,AAPL,XNAS,0.9972772002220154,100,59.0,BUY
1748968637000000000,AAPL,XNAS,0.9972772002220154,100,6.0,BUY
1748968649000000000,AAPL,XNAS,0.9962574243545532,100,100.0,SELL
1748968652000000000,AAPL,XNAS,0.9981855154037476,100,138.0,SELL
1748968667000000000,AAPL,XNAS,0.999009907245636,100,6.0,BUY
1748968679000000000,AAPL,XNAS,0.9971781969070435,100,1.0,SELL
1748968682000000000,AAPL,XNAS,0.9971781969070435,100,10.0,BUY
1748968714000000000,AAPL,XNAS,0.9982110857963562,100,59.0,SELL
1748968737000000000,AAPL,XNAS,0.9957390427589417,100,28.0,SELL
1748968775000000000,AAPL,XNAS,0.995082437992096,100,302.0,SELL
1748968794000000000,AAPL,XNAS,0.9943069219589233,99,2.0,SELL
1748968844000000000,AAPL,XNAS,0.9998451471328735,100,2.0,UNKNOWN
1748968845000000000,AAPL,XNAS,0.9992271065711975,100,103.0,SELL
1748968856000000000,AAPL,XNAS,0.9992772340774536,100,1.0,UNKNOWN
1748968879000000000,AAPL,XNAS,0.9997588396072388,100,301.0,SELL
1748968923000000000,AAPL,XNAS,0.9993601441383362,100,437.0,SELL
1748968927000000000,AAPL,XNAS,0.9987592101097107,100,327.0,SELL
1748968936000000000,AAPL,XNAS,0.9985544681549072,100,2.0,SELL
1748968937000000000,AAPL,XNAS,0.9985544681549072,100,1.0,SELL
1748968966000000000,AAPL,XNAS,0.9988642334938049,100,2.0,BUY
1748968976000000000,AAPL,XNAS,0.9987093210220337,100,2.0,SELL
1748969009000000000,AAPL,XNAS,0.9982447028160095,100,249.0,SELL
1748969017000000000,AAPL,XNAS,0.998193085193634,100,1.0,SELL
1748969019000000000,AAPL,XNAS,0.9980382323265076,100,48.0,SELL
1748969034000000000,AAPL,XNAS,0.9979865550994873,100,22.0,SELL
1748969036000000000,AAPL,XNAS,0.9979349374771118,100,1.0,UNKNOWN
1748969038000000000,AAPL,XNAS,0.9983479380607605,100,7.0,BUY
1748969040000000000,AAPL,XNAS,0.9986318945884705,100,200.0,SELL
1748969041000000000,AAPL,XNAS,0.9991724491119385,100,136.0,SELL
1748969050000000000,AAPL,XNAS,0.9989158511161804,100,1.0,SELL
1748969072000000000,AAPL,XNAS,1.000705361366272,100,353.0,SELL
1748969088000000000,AAPL,XNAS,1.0010807514190674,100,122.0,SELL
1748969091000000000,AAPL,XNAS,1.0015478134155273,100,151.0,BUY
1748969092000000000,AAPL,XNAS,1.0017552375793457,100,1.0,BUY
1748969096000000000,AAPL,XNAS,1.0017036199569702,100,15.0,BUY
1748969127000000000,AAPL,XNAS,1.0023231506347656,100,1.0,BUY
1748969156000000000,AAPL,XNAS,1.0025714635849,100,105.0,BUY
1748969169000000000,AAPL,XNAS,1.002478003501892,100,1.0,BUY
1748969182000000000,AAPL,XNAS,1.0019580125808716,100,203.0,SELL
1748969216000000000,AAPL,XNAS,1.0021252632141113,100,6.0,SELL
1748969262000000000,AAPL,XNAS,1.0020134449005127,100,10.0,BUY
1748969271000000000,AAPL,XNAS,1.0020650625228882,100,2.0,BUY
1748969276000000000,AAPL,XNAS,1.0020134449005127,100,5.0,BUY
1748969279000000000,AAPL,XNAS,1.0020650625228882,100,1.0,SELL
1748969288000000000,AAPL,XNAS,1.0016005039215088,100,602.0,BUY
1748969327000000000,AAPL,XNAS,1.0018585920333862,100,102.0,SELL
1748969331000000000,AAPL,XNAS,1.0017552375793457,100,8.0,SELL
1748969332000000000,AAPL,XNAS,1.0021166801452637,100,2.0,SELL
1748969334000000000,AAPL,XNAS,1.00283944606781,100,2.0,SELL
1748969336000000000,AAPL,XNAS,1.003304123878479,100,2.0,BUY
1748969344000000000,AAPL,XNAS,1.002478003501892,100,10.0,SELL
1748969374000000000,AAPL,XNAS,1.0027885437011719,100,202.0,BUY
1748969393000000000,AAPL,XNAS,1.00283944606781,100,2.0,BUY
1748969396000000000,AAPL,XNAS,1.0026845932006836,100,5.0,SELL
1748969400000000000,AAPL,XNAS,1.0003725290298462,100,85.0,SELL
1748969446000000000,AAPL,XNAS,1.0006765127182007,100,203.0,SELL
1748969451000000000,AAPL,XNAS,1.0006035566329956,100,201.0,SELL
1748969599000000000,AAPL,XNAS,1.000458836555481,100,100.0,SELL
1748969604000000000,AAPL,XNAS,1.0000724792480469,100,3.0,BUY
1748969632000000000,AAPL,XNAS,0.9994445443153381,100,103.0,UNKNOWN
1748969637000000000,AAPL,XNAS,0.9991547465324402,100,19.0,BUY
1748969651000000000,AAPL,XNAS,0.9997379779815674,100,212.0,SELL
1748969654000000000,AAPL,XNAS,1.000410556793213,100,2.0,BUY
1748969671000000000,AAPL,XNAS,1.0004667043685913,100,31.0,BUY
1748969685000000000,AAPL,XNAS,1.0006145238876343,100,9.0,BUY
1748969741000000000,AAPL,XNAS,0.9999165534973145,100,176.0,BUY
1748969803000000000,AAPL,XNAS,1.0003139972686768,100,4.0,BUY
1748969804000000000,AAPL,XNAS,1.0007679462432861,100,5.0,BUY
1748969846000000000,AAPL,XNAS,1.0000724792480469,100,2.0,SELL
1748969865000000000,AAPL,XNAS,0.9999729990959167,100,102.0,BUY
1748969917000000000,AAPL,XNAS,1.0000758171081543,100,116.0,SELL
1748970085000000000,AAPL,XNAS,0.9997251033782959,100,24.0,BUY
1748970118000000000,AAPL,XNAS,1.0000470876693726,100,1.0,BUY
1748970197000000000,AAPL,XNAS,1.0,100,92.0,BUY
1748970198000000000,AAPL,XNAS,0.9999716877937317,100,845.0,BUY
1748970199000000000,AAPL,XNAS,0.9993873238563538,100,100.0,SELL
1748970311000000000,AAPL,XNAS,0.9997231364250183,100,8.0,SELL
1748970312000000000,AAPL,XNAS,0.9997172355651855,100,13.0,SELL
1748970338000000000,AAPL,XNAS,0.9994117617607117,100,316.0,BUY
1748970349000000000,AAPL,XNAS,0.999268114566803,100,204.0,SELL
1748970492000000000,AAPL,XNAS,0.9992930293083191,100,15.0,SELL
1748970509000000000,AAPL,XNAS,0.9991830587387085,100,60.0,BUY
1748970519000000000,AAPL,XNAS,0.9989160299301147,100,1.0,BUY
1748970520000000000,AAPL,XNAS,0.9992930293083191,100,100.0,BUY
1748970587000000000,AAPL,XNAS,0.9989631175994873,100,10.0,SELL
1748970603000000000,AAPL,XNAS,0.9984602928161621,100,44.0,BUY
1748970609000000000,AAPL,XNAS,0.9989545345306396,100,69.0,BUY
1748970630000000000,AAPL,XNAS,0.9990590810775757,100,2.0,BUY
1748970641000000000,AAPL,XNAS,0.9985363483428955,100,293.0,BUY
1748970660000000000,AAPL,XNAS,0.9981704354286194,100,7.0,SELL
1748970677000000000,AAPL,XNAS,0.9981704354286194,100,9.0,SELL
1748970682000000000,AAPL,XNAS,0.9978632926940918,100,8.0,SELL
1748970683000000000,AAPL,XNAS,0.9976471662521362,100,214.0,SELL
1748970689000000000,AAPL,XNAS,0.9975169897079468,100,4.0,SELL
1748970690000000000,AAPL,XNAS,0.9974908232688904,100,1.0,SELL
1748970691000000000,AAPL,XNAS,0.9974385499954224,100,2.0,SELL
1748970693000000000,AAPL,XNAS,0.9973862767219543,100,1.0,SELL
1748970694000000000,AAPL,XNAS,0.9973340034484863,100,2.0,SELL
1748970696000000000,AAPL,XNAS,0.9972817301750183,100,6.0,SELL
1748970697000000000,AAPL,XNAS,0.9972294569015503,100,4.0,SELL
1748970703000000000,AAPL,XNAS,0.9971771836280823,100,2.0,SELL
1748970708000000000,AAPL,XNAS,0.9970356225967407,100,24.0,SELL
1748970734000000000,AAPL,XNAS,0.9980007410049438,100,244.0,BUY
1748970751000000000,AAPL,XNAS,0.9983795285224915,100,202.0,BUY
1748970766000000000,AAPL,XNAS,0.9976477026939392,100,10.0,SELL
1748970822000000000,AAPL,XNAS,0.9971086978912354,100,315.0,BUY
1748970823000000000,AAPL,XNAS,0.9967589974403381,100,3.0,SELL
1748970830000000000,AAPL,XNAS,0.9975923299789429,100,102.0,SELL
1748970872000000000,AAPL,XNAS,0.9981181621551514,100,52.0,BUY
1748970894000000000,AAPL,XNAS,0.9969680905342102,100,10.0,SELL
1748970905000000000,AAPL,XNAS,0.9968968033790588,100,11.0,SELL
1748970965000000000,AAPL,XNAS,0.9978064298629761,100,27.0,BUY
1748970991000000000,AAPL,XNAS,0.9980136156082153,100,117.0,BUY
1748971020000000000,AAPL,XNAS,0.9973340034484863,100,10.0,SELL
1748971056000000000,AAPL,XNAS,0.9981181621551514,100,3.0,BUY
1748971076000000000,AAPL,XNAS,0.9985352754592896,100,151.0,BUY
1748971116000000000,AAPL,XNAS,0.9989022612571716,100,200.0,SELL
1748971125000000000,AAPL,XNAS,0.9996340870857239,100,25.0,BUY
1748971133000000000,AAPL,XNAS,1.000145673751831,100,14.0,BUY
1748971134000000000,AAPL,XNAS,1.000365972518921,100,78.0,BUY
1748971143000000000,AAPL,XNAS,1.000365972518921,100,154.0,BUY
1748971146000000000,AAPL,XNAS,0.9997665286064148,100,429.0,SELL
1748971152000000000,AAPL,XNAS,0.9993727207183838,100,100.0,SELL
1748971159000000000,AAPL,XNAS,0.9991636276245117,100,4.0,SELL
1748971162000000000,AAPL,XNAS,0.9990519881248474,100,199.0,SELL
1748971212000000000,AAPL,XNAS,0.999046266078949,100,5.0,SELL
1748971213000000000,AAPL,XNAS,0.9994375705718994,100,7.0,SELL
1748971216000000000,AAPL,XNAS,0.9994375705718994,100,259.0,SELL
1748971221000000000,AAPL,XNAS,0.9991441369056702,100,20.0,BUY
1748971225000000000,AAPL,XNAS,0.9986926317214966,100,104.0,BUY
1748971239000000000,AAPL,XNAS,0.998214840888977,100,62.0,SELL
1748971258000000000,AAPL,XNAS,0.9989484548568726,100,6.0,SELL
1748971271000000000,AAPL,XNAS,0.9988506436347961,100,100.0,UNKNOWN
1748971291000000000,AAPL,XNAS,0.9988017678260803,100,3.0,SELL
1748971326000000000,AAPL,XNAS,0.9992419481277466,100,7.0,BUY
1748971327000000000,AAPL,XNAS,0.9992419481277466,100,2.0,BUY
1748971336000000000,AAPL,XNAS,0.9992908239364624,100,74.0,BUY
1748971337000000000,AAPL,XNAS,0.9994864463806152,100,3.0,BUY
1748971351000000000,AAPL,XNAS,0.9994864463806152,100,3.0,SELL
1748971353000000000,AAPL,XNAS,0.9998288154602051,100,5.0,BUY
1748971355000000000,AAPL,XNAS,1.000221848487854,100,28.0,SELL
1748971357000000000,AAPL,XNAS,1.0006603002548218,100,23.0,SELL
1748971364000000000,AAPL,XNAS,1.0004023313522339,100,146.0,SELL
1748971376000000000,AAPL,XNAS,1.0002684593200684,100,91.0,SELL
1748971378000000000,AAPL,XNAS,1.000171184539795,100,116.0,SELL
1748971392000000000,AAPL,XNAS,0.9997520446777344,100,207.0,BUY
1748971394000000000,AAPL,XNAS,0.9998777508735657,100,12.0,BUY
1748971399000000000,AAPL,XNAS,1.000122308731079,100,248.0,BUY
1748971408000000000,AAPL,XNAS,1.0005979537963867,100,220.0,BUY
1748971416000000000,AAPL,XNAS,1.0007580518722534,100,93.0,BUY
1748971425000000000,AAPL,XNAS,1.000293493270874,100,200.0,SELL
1748971427000000000,AAPL,XNAS,0.9998230934143066,100,17.0,BUY
1748971443000000000,AAPL,XNAS,1.0000733137130737,100,90.0,BUY
1748971451000000000,AAPL,XNAS,1.000317931175232,100,11.0,SELL
1748971452000000000,AAPL,XNAS,1.0009047985076904,100,20.0,UNKNOWN
1748971456000000000,AAPL,XNAS,1.0004483461380005,100,9.0,BUY
1748971486000000000,AAPL,XNAS,1.0001460313796997,100,206.0,BUY
1748971493000000000,AAPL,XNAS,1.0005624294281006,100,90.0,BUY
1748971504000000000,AAPL,XNAS,1.0006331205368042,100,18.0,BUY
1748971509000000000,AAPL,XNAS,1.0009047985076904,100,4.0,SELL
1748971512000000000,AAPL,XNAS,1.0013939142227173,100,103.0,SELL
1748971523000000000,AAPL,XNAS,1.0013939142227173,100,28.0,BUY
1748971562000000000,AAPL,XNAS,1.001491665840149,100,1.0,BUY
1748971564000000000,AAPL,XNAS,1.001638412475586,100,5.0,UNKNOWN
1748971591000000000,AAPL,XNAS,1.0015406608581543,100,2.0,SELL
1748971601000000000,AAPL,XNAS,1.0018359422683716,100,102.0,BUY
1748971611000000000,AAPL,XNAS,1.0021038055419922,100,136.0,SELL
1748971633000000000,AAPL,XNAS,1.0023231506347656,100,5.0,BUY
1748971645000000000,AAPL,XNAS,1.0024698972702026,100,90.0,BUY
1748971646000000000,AAPL,XNAS,1.0026655197143555,100,42.0,BUY
1748971650000000000,AAPL,XNAS,1.0022742748260498,100,4.0,SELL
1748971673000000000,AAPL,XNAS,1.00149405002594,100,105.0,SELL
1748971682000000000,AAPL,XNAS,1.0017362833023071,100,21.0,BUY
1748971684000000000,AAPL,XNAS,1.0013775825500488,100,3.0,SELL
1748971685000000000,AAPL,XNAS,1.0011992454528809,100,50.0,SELL
1748971687000000000,AAPL,XNAS,1.0011965036392212,100,57.0,SELL
1748971692000000000,AAPL,XNAS,1.000788688659668,100,8.0,BUY
1748971706000000000,AAPL,XNAS,1.001588225364685,100,39.0,SELL
1748971712000000000,AAPL,XNAS,1.002083420753479,100,51.0,BUY
1748971725000000000,AAPL,XNAS,1.001296043395996,100,100.0,SELL
1748971726000000000,AAPL,XNAS,1.001149296760559,100,3.0,SELL
1748971738000000000,AAPL,XNAS,1.0011004209518433,100,36.0,SELL
1748971744000000000,AAPL,XNAS,1.0015895366668701,100,15.0,BUY
1748971748000000000,AAPL,XNAS,1.00194251537323,100,279.0,SELL
1748971750000000000,AAPL,XNAS,1.0023231506347656,100,1.0,BUY
1748971795000000000,AAPL,XNAS,1.0023231506347656,100,9.0,BUY
1748971807000000000,AAPL,XNAS,0.9994015097618103,100,895.0,SELL
1748971809000000000,AAPL,XNAS,0.9991815686225891,100,21.0,SELL
1748971822000000000,AAPL,XNAS,0.999318540096283,100,32.0,SELL
1748971855000000000,AAPL,XNAS,0.9990164637565613,100,100.0,SELL
1748971881000000000,AAPL,XNAS,0.9990065693855286,100,231.0,SELL
1748971926000000000,AAPL,XNAS,0.9989568591117859,100,9.0,SELL
1748971928000000000,AAPL,XNAS,0.999155580997467,100,1.0,SELL
1748971942000000000,AAPL,XNAS,0.9990562200546265,100,4.0,SELL
1748971947000000000,AAPL,XNAS,0.9989593029022217,100,102.0,SELL
1748971959000000000,AAPL,XNAS,0.9993438124656677,100,100.0,BUY
1748971978000000000,AAPL,XNAS,0.9993542432785034,100,11.0,SELL
1748972000000000000,AAPL,XNAS,0.9993542432785034,100,1.0,BUY
1748972001000000000,AAPL,XNAS,0.998907208442688,100,105.0,SELL
1748972002000000000,AAPL,XNAS,0.9988630414009094,100,9.0,SELL
1748972050000000000,AAPL,XNAS,0.999155580997467,100,1.0,BUY
1748972079000000000,AAPL,XNAS,0.9988530278205872,100,332.0,SELL
1748972081000000000,AAPL,XNAS,0.9987581968307495,100,9.0,SELL
1748972083000000000,AAPL,XNAS,0.9987581968307495,100,1.0,SELL
1748972091000000000,AAPL,XNAS,0.9987634420394897,100,19.0,SELL
1748972128000000000,AAPL,XNAS,0.9986046552658081,100,22.0,SELL
1748972202000000000,AAPL,XNAS,0.9993045926094055,100,100.0,SELL
1748972228000000000,AAPL,XNAS,0.9989794492721558,100,11.0,SELL
1748972246000000000,AAPL,XNAS,0.9988346695899963,100,300.0,BUY
1748972301000000000,AAPL,XNAS,0.9985098242759705,100,201.0,SELL
1748972309000000000,AAPL,XNAS,0.9982619881629944,100,92.0,SELL
1748972401000000000,AAPL,XNAS,1.0002648830413818,100,213.0,BUY
1748972467000000000,AAPL,XNAS,0.9996567368507385,100,276.0,BUY
1748972483000000000,AAPL,XNAS,0.9992542266845703,100,12.0,BUY
1748972702000000000,AAPL,XNAS,0.9991579651832581,100,89.0,SELL
1748972722000000000,AAPL,XNAS,0.9991564750671387,100,160.0,SELL
1748972805000000000,AAPL,XNAS,0.9988692998886108,100,8.0,SELL
1748972902000000000,AAPL,XNAS,0.9991579651832581,100,305.0,BUY
1748973018000000000,AAPL,XNAS,0.9986193180084229,100,3.0,SELL
1748973036000000000,AAPL,XNAS,0.998870313167572,100,1.0,SELL
1748973037000000000,AAPL,XNAS,0.9987196922302246,100,100.0,SELL
1748973123000000000,AAPL,XNAS,0.9988201260566711,100,1.0,SELL
1748973155000000000,AAPL,XNAS,0.9993250966072083,100,191.0,SELL
1748973204000000000,AAPL,XNAS,0.9997238516807556,100,57.0,BUY
1748973209000000000,AAPL,XNAS,0.9996736645698547,100,100.0,SELL
1748973244000000000,AAPL,XNAS,0.9999749064445496,100,85.0,BUY
1748973248000000000,AAPL,XNAS,1.000075340270996,100,4.0,BUY
1748973256000000000,AAPL,XNAS,1.000075340270996,100,5.0,BUY
1748973280000000000,AAPL,XNAS,0.9999749064445496,100,70.0,BUY
1748973305000000000,AAPL,XNAS,1.0001693964004517,100,8.0,BUY
1748973312000000000,AAPL,XNAS,1.0001757144927979,100,56.0,BUY
1748973333000000000,AAPL,XNAS,1.0003612041473389,100,328.0,BUY
1748973343000000000,AAPL,XNAS,1.00032639503479,100,1.0,BUY
1748973374000000000,AAPL,XNAS,1.000376582145691,100,158.0,SELL
1748973375000000000,AAPL,XNAS,1.0021840333938599,100,4.0,BUY
1748973376000000000,AAPL,XNAS,1.0015140771865845,100,207.0,SELL
1748973384000000000,AAPL,XNAS,1.0020333528518677,100,82.0,BUY
1748973385000000000,AAPL,XNAS,1.0017321109771729,100,200.0,SELL
1748973396000000000,AAPL,XNAS,1.0021840333938599,100,4.0,BUY
1748973413000000000,AAPL,XNAS,1.0021840333938599,100,4.0,BUY
1748973424000000000,AAPL,XNAS,1.0021840333938599,100,4.0,BUY
1748973475000000000,AAPL,XNAS,1.0023324489593506,100,91.0,BUY
1748973489000000000,AAPL,XNAS,1.0019831657409668,100,90.0,BUY
1748973528000000000,AAPL,XNAS,1.0013806819915771,100,40.0,SELL
1748973556000000000,AAPL,XNAS,1.0012551546096802,100,40.0,SELL
1748973561000000000,AAPL,XNAS,1.0011632442474365,100,297.0,BUY
1748973563000000000,AAPL,XNAS,1.000996708869934,100,456.0,BUY
1748973567000000000,AAPL,XNAS,1.0012301206588745,100,2.0,BUY
1748973585000000000,AAPL,XNAS,1.0012505054473877,100,320.0,BUY
1748973597000000000,AAPL,XNAS,1.0013327598571777,100,389.0,SELL
1748973661000000000,AAPL,XNAS,0.9992588758468628,100,3.0,SELL
1748973697000000000,AAPL,XNAS,0.9992077350616455,100,40.0,SELL
1748973736000000000,AAPL,XNAS,0.9990794658660889,100,208.0,SELL
1748973737000000000,AAPL,XNAS,0.9988580942153931,100,113.0,SELL
1748973743000000000,AAPL,XNAS,0.9984601140022278,100,319.0,BUY
1748973756000000000,AAPL,XNAS,0.9987988471984863,100,10.0,BUY
1748973780000000000,AAPL,XNAS,0.9985432624816895,100,12.0,BUY
1748973881000000000,AAPL,XNAS,0.9983899593353271,100,21.0,BUY
1748973903000000000,AAPL,XNAS,0.999200701713562,100,29.0,BUY
1748973905000000000,AAPL,XNAS,0.9999233484268188,100,29.0,BUY
1748973917000000000,AAPL,XNAS,1.0000766515731812,100,1.0,BUY
1748973931000000000,AAPL,XNAS,0.9991319179534912,100,207.0,BUY
1748973958000000000,AAPL,XNAS,0.9984149932861328,100,322.0,SELL
1748973968000000000,AAPL,XNAS,0.9980321526527405,100,4.0,SELL
1748973972000000000,AAPL,XNAS,0.9977254867553711,100,100.0,SELL
1748974011000000000,AAPL,XNAS,0.9970098733901978,100,100.0,SELL
1748974027000000000,AAPL,XNAS,0.9964987635612488,100,102.0,BUY
1748974028000000000,AAPL,XNAS,0.9959365129470825,100,1.0,SELL
1748974050000000000,AAPL,XNAS,0.995476484298706,100,4.0,SELL
1748974063000000000,AAPL,XNAS,0.996396541595459,100,400.0,SELL
1748974170000000000,AAPL,XNAS,0.9956298470497131,100,64.0,SELL
1748974171000000000,AAPL,XNAS,0.9965474605560303,100,21.0,BUY
1748974217000000000,AAPL,XNAS,1.0013666152954102,100,502.0,BUY
1748974241000000000,AAPL,XNAS,0.9998700618743896,100,7.0,SELL
1748974242000000000,AAPL,XNAS,0.9996361136436462,100,2.0,SELL
1748974268000000000,AAPL,XNAS,0.9995327591896057,100,213.0,SELL
1748974279000000000,AAPL,XNAS,0.9995754361152649,100,300.0,SELL
1748974286000000000,AAPL,XNAS,0.9989863038063049,100,27.0,SELL
1748974291000000000,AAPL,XNAS,0.9989852905273438,100,102.0,SELL
1748974304000000000,AAPL,XNAS,0.9999046921730042,100,6.0,SELL
1748974307000000000,AAPL,XNAS,1.0000094175338745,100,314.0,BUY
1748974313000000000,AAPL,XNAS,0.9987783432006836,100,2.0,SELL
1748974366000000000,AAPL,XNAS,0.9997535943984985,100,242.0,SELL
1748974396000000000,AAPL,XNAS,0.9990351796150208,100,303.0,SELL
1748974401000000000,AAPL,XNAS,0.9988303780555725,100,54.0,SELL
1748974403000000000,AAPL,XNAS,0.9987783432006836,100,70.0,SELL
1748974407000000000,AAPL,XNAS,0.9988155961036682,100,95.0,SELL
1748974415000000000,AAPL,XNAS,0.9987263679504395,100,22.0,SELL
1748974416000000000,AAPL,XNAS,0.9985184669494629,100,1.0,SELL
1748974417000000000,AAPL,XNAS,0.9983105063438416,100,1.0,SELL
1748974423000000000,AAPL,XNAS,0.9981545209884644,100,100.0,SELL
1748974432000000000,AAPL,XNAS,0.9990902543067932,100,100.0,BUY
1748974438000000000,AAPL,XNAS,0.9981545209884644,100,100.0,SELL
1748974457000000000,AAPL,XNAS,0.9999220371246338,100,4.0,BUY
1748974498000000000,AAPL,XNAS,1.0003105401992798,100,217.0,BUY
1748974538000000000,AAPL,XNAS,1.0011177062988281,100,1.0,BUY
1748974544000000000,AAPL,XNAS,1.0007718801498413,100,301.0,SELL
1748974547000000000,AAPL,XNAS,1.0008057355880737,100,99.0,BUY
1748974569000000000,AAPL,XNAS,1.0011696815490723,100,1.0,BUY
1748974633000000000,AAPL,XNAS,1.0022093057632446,100,105.0,BUY
1748974641000000000,AAPL,XNAS,1.002001404762268,100,1.0,SELL
1748974665000000000,AAPL,XNAS,1.0031129121780396,100,210.0,SELL
1748974675000000000,AAPL,XNAS,1.0024824142456055,100,402.0,BUY
1748974676000000000,AAPL,XNAS,1.0018454790115356,100,2.0,SELL
1748974721000000000,AAPL,XNAS,1.0025732517242432,100,90.0,SELL
1748974737000000000,AAPL,XNAS,1.0025851726531982,100,325.0,SELL
1748974749000000000,AAPL,XNAS,1.002521276473999,100,75.0,BUY
1748974751000000000,AAPL,XNAS,1.0015798807144165,100,156.0,SELL
1748974758000000000,AAPL,XNAS,1.0012216567993164,100,6.0,SELL
1748974763000000000,AAPL,XNAS,1.0015854835510254,100,1.0,SELL
1748974769000000000,AAPL,XNAS,1.0022612810134888,100,1.0,BUY
1748974801000000000,AAPL,XNAS,0.9993080496788025,100,5.0,SELL
1748974837000000000,AAPL,XNAS,0.9995551705360413,100,3.0,UNKNOWN
1748974845000000000,AAPL,XNAS,0.9991190433502197,100,725.0,BUY
1748974868000000000,AAPL,XNAS,0.9984183311462402,100,75.0,SELL
1748974898000000000,AAPL,XNAS,0.9981217980384827,100,20.0,BUY
1748974912000000000,AAPL,XNAS,0.9983195066452026,100,103.0,SELL
1748974923000000000,AAPL,XNAS,0.9985172152519226,100,10.0,BUY
1748974932000000000,AAPL,XNAS,0.9987643361091614,100,8.0,SELL
1748974939000000000,AAPL,XNAS,0.9984183311462402,100,93.0,SELL
1748974950000000000,AAPL,XNAS,0.9985172152519226,100,11.0,SELL
1748974954000000000,AAPL,XNAS,0.9984183311462402,100,9.0,SELL
1748975017000000000,AAPL,XNAS,0.9984183311462402,100,3.0,SELL
1748975042000000000,AAPL,XNAS,0.9987306594848633,100,22.0,BUY
1748975070000000000,AAPL,XNAS,0.998665452003479,100,3.0,SELL
1748975087000000000,AAPL,XNAS,0.9990114569664001,100,1.0,BUY
1748975097000000000,AAPL,XNAS,0.9989126324653625,100,3.0,SELL
1748975161000000000,AAPL,XNAS,0.9987643361091614,100,198.0,SELL
1748975175000000000,AAPL,XNAS,0.9985172152519226,100,249.0,BUY
1748975177000000000,AAPL,XNAS,0.9980229139328003,100,20.0,SELL
1748975197000000000,AAPL,XNAS,0.9982700943946838,100,2.0,SELL
1748975214000000000,AAPL,XNAS,0.9987643361091614,100,120.0,BUY
1748975256000000000,AAPL,XNAS,0.9989126324653625,100,2.0,BUY
1748975257000000000,AAPL,XNAS,0.9992898106575012,100,312.0,SELL
1748975262000000000,AAPL,XNAS,0.9999505877494812,100,1.0,UNKNOWN
1748975317000000000,AAPL,XNAS,1.0000494718551636,100,3.0,BUY
1748975323000000000,AAPL,XNAS,0.9996513724327087,100,223.0,SELL
1748975365000000000,AAPL,XNAS,0.9994562864303589,100,101.0,SELL
1748975377000000000,AAPL,XNAS,0.9994353652000427,100,33.0,BUY
1748975390000000000,AAPL,XNAS,0.9993080496788025,100,1.0,SELL
1748975394000000000,AAPL,XNAS,0.9993080496788025,100,11.0,BUY
1748975436000000000,AAPL,XNAS,0.9997066855430603,100,1.0,SELL
1748975438000000000,AAPL,XNAS,0.9996578097343445,100,200.0,SELL
1748975470000000000,AAPL,XNAS,0.9994716048240662,100,453.0,BUY
1748975473000000000,AAPL,XNAS,0.9991684556007385,100,204.0,BUY
1748975476000000000,AAPL,XNAS,0.9992561936378479,100,28.0,SELL
1748975477000000000,AAPL,XNAS,0.9994133710861206,100,12.0,BUY
1748975485000000000,AAPL,XNAS,0.9997555613517761,100,20.0,SELL
1748975498000000000,AAPL,XNAS,1.0001871585845947,100,157.0,SELL
1748975537000000000,AAPL,XNAS,1.0000977516174316,100,6.0,SELL
1748975538000000000,AAPL,XNAS,1.0000488758087158,100,48.0,SELL
1748975550000000000,AAPL,XNAS,1.0004976987838745,100,116.0,SELL
1748975599000000000,AAPL,XNAS,1.0007333755493164,100,90.0,SELL
1748975600000000000,AAPL,XNAS,1.000684380531311,100,1.0,BUY
1748975601000000000,AAPL,XNAS,1.000831127166748,100,114.0,BUY
1748975610000000000,AAPL,XNAS,1.0008561611175537,100,39.0,BUY
1748975620000000000,AAPL,XNAS,1.0010266304016113,100,121.0,BUY
1748975708000000000,AAPL,XNAS,1.0009883642196655,100,125.0,SELL
1748975712000000000,AAPL,XNAS,1.0013688802719116,100,24.0,BUY
1748975740000000000,AAPL,XNAS,1.001564383506775,100,14.0,SELL
1748975757000000000,AAPL,XNAS,1.0016621351242065,100,12.0,BUY
1748975765000000000,AAPL,XNAS,1.0018532276153564,100,150.0,SELL
1748975777000000000,AAPL,XNAS,1.002336859703064,100,10.0,BUY
1748975803000000000,AAPL,XNAS,1.002395510673523,100,1.0,BUY
1748975804000000000,AAPL,XNAS,1.0023974180221558,100,205.0,BUY
1748975806000000000,AAPL,XNAS,1.0024665594100952,100,117.0,SELL
1748975842000000000,AAPL,XNAS,1.0027377605438232,100,50.0,BUY
1748975843000000000,AAPL,XNAS,1.002620816230774,100,115.0,BUY
1748975848000000000,AAPL,XNAS,1.002638339996338,100,91.0,BUY
1748975854000000000,AAPL,XNAS,1.002639889717102,100,3.0,BUY
1748975858000000000,AAPL,XNAS,1.0023865699768066,100,110.0,SELL
1748975876000000000,AAPL,XNAS,1.0027120113372803,100,215.0,BUY
1748975879000000000,AAPL,XNAS,1.0027670860290527,100,10.0,BUY
1748975889000000000,AAPL,XNAS,1.0024932622909546,100,15.0,SELL
1748975897000000000,AAPL,XNAS,1.0027377605438232,100,8.0,BUY
1748975900000000000,AAPL,XNAS,1.0028355121612549,100,225.0,BUY
1748975924000000000,AAPL,XNAS,1.0025749206542969,100,269.0,BUY
1748975927000000000,AAPL,XNAS,1.002687692642212,100,41.0,SELL
1748975935000000000,AAPL,XNAS,1.0029821395874023,100,7.0,BUY
1748975970000000000,AAPL,XNAS,1.0031450986862183,100,30.0,BUY
1748975975000000000,AAPL,XNAS,1.0032755136489868,100,99.0,BUY
1748976008000000000,AAPL,XNAS,0.9997004866600037,100,107.0,BUY
1748976072000000000,AAPL,XNAS,0.9996083378791809,100,93.0,BUY
1748976073000000000,AAPL,XNAS,0.9997225999832153,100,192.0,SELL
1748976115000000000,AAPL,XNAS,1.0002044439315796,100,16.0,BUY
1748976145000000000,AAPL,XNAS,0.9999769330024719,100,1.0,SELL
1748976156000000000,AAPL,XNAS,0.9997627139091492,100,303.0,BUY
1748976186000000000,AAPL,XNAS,1.0003148317337036,100,30.0,BUY
1748976191000000000,AAPL,XNAS,1.0003916025161743,100,1.0,BUY
1748976195000000000,AAPL,XNAS,1.0004838705062866,100,1.0,BUY
1748976218000000000,AAPL,XNAS,1.0005298852920532,100,20.0,BUY
1748976237000000000,AAPL,XNAS,1.0005457401275635,100,87.0,BUY
1748976247000000000,AAPL,XNAS,1.0005298852920532,100,1.0,BUY
1748976248000000000,AAPL,XNAS,1.0006848573684692,100,22.0,BUY
1748976250000000000,AAPL,XNAS,1.0007603168487549,100,2.0,BUY
1748976251000000000,AAPL,XNAS,1.0008063316345215,100,10.0,BUY
1748976262000000000,AAPL,XNAS,1.0008984804153442,100,41.0,SELL
1748976264000000000,AAPL,XNAS,1.0008524656295776,100,31.0,BUY
1748976265000000000,AAPL,XNAS,1.0010409355163574,100,22.0,BUY
1748976292000000000,AAPL,XNAS,1.0010827779769897,100,52.0,BUY
1748976319000000000,AAPL,XNAS,1.001054048538208,100,8.0,BUY
1748976329000000000,AAPL,XNAS,1.001228928565979,100,47.0,BUY
1748976339000000000,AAPL,XNAS,1.0013132095336914,100,5.0,BUY
1748976340000000000,AAPL,XNAS,1.0013593435287476,100,10.0,BUY
1748976368000000000,AAPL,XNAS,1.0012670755386353,100,1.0,BUY
1748976371000000000,AAPL,XNAS,1.0013132095336914,100,26.0,BUY
1748976373000000000,AAPL,XNAS,1.001469373703003,100,54.0,BUY
1748976398000000000,AAPL,XNAS,1.0012210607528687,100,133.0,SELL
1748976399000000000,AAPL,XNAS,1.001128911972046,100,202.0,BUY
1748976401000000000,AAPL,XNAS,1.0015826225280762,100,13.0,BUY
1748976429000000000,AAPL,XNAS,1.0016818046569824,100,29.0,BUY
1748976451000000000,AAPL,XNAS,1.0008984804153442,100,100.0,BUY
1748976475000000000,AAPL,XNAS,0.9998847842216492,100,106.0,SELL
1748976485000000000,AAPL,XNAS,0.999377965927124,100,202.0,SELL
1748976486000000000,AAPL,XNAS,0.999377965927124,100,16.0,SELL
1748976489000000000,AAPL,XNAS,0.9993807077407837,100,397.0,BUY
1748976495000000000,AAPL,XNAS,0.9994240403175354,100,1.0,BUY
1748976500000000000,AAPL,XNAS,0.9997004866600037,100,26.0,BUY
1748976516000000000,AAPL,XNAS,1.0000691413879395,100,14.0,BUY
1748976539000000000,AAPL,XNAS,1.0002073049545288,100,9.0,BUY
1748976542000000000,AAPL,XNAS,1.0004377365112305,100,4.0,BUY
1748976571000000000,AAPL,XNAS,1.0002073049545288,100,6.0,BUY
1748976585000000000,AAPL,XNAS,1.000115156173706,100,1.0,BUY
1748976610000000000,AAPL,XNAS,0.9993573427200317,100,2.0,BUY
1748976690000000000,AAPL,XNAS,0.9994087815284729,100,1.0,BUY
1748976731000000000,AAPL,XNAS,0.9998049736022949,100,286.0,SELL
1748976737000000000,AAPL,XNAS,1.0002827644348145,100,100.0,BUY
1748976743000000000,AAPL,XNAS,1.0004884004592896,100,37.0,SELL
1748976749000000000,AAPL,XNAS,1.001002550125122,100,25.0,SELL
1748976779000000000,AAPL,XNAS,1.001002550125122,100,1.0,SELL
1748976803000000000,AAPL,XNAS,1.0013110637664795,100,1.0,SELL
1748976847000000000,AAPL,XNAS,1.0016194581985474,100,138.0,SELL
1748976902000000000,AAPL,XNAS,1.0016194581985474,100,401.0,SELL
1748976904000000000,AAPL,XNAS,1.001542329788208,100,200.0,BUY
1748976926000000000,AAPL,XNAS,1.0015166997909546,100,1.0,BUY
1748976930000000000,AAPL,XNAS,1.001773715019226,100,1003.0,SELL
1748976972000000000,AAPL,XNAS,1.0024935007095337,100,15.0,BUY
1748976975000000000,AAPL,XNAS,1.002596378326416,100,1.0,SELL
1748976977000000000,AAPL,XNAS,1.003161907196045,100,2.0,BUY
1748977023000000000,AAPL,XNAS,1.0035731792449951,100,1.0,SELL
1748977044000000000,AAPL,XNAS,1.0037274360656738,100,1.0,SELL
1748977049000000000,AAPL,XNAS,1.0042929649353027,100,2.0,SELL
1748977050000000000,AAPL,XNAS,1.0048071146011353,100,28.0,BUY
1748977104000000000,AAPL,XNAS,1.0045499801635742,100,1.0,BUY
1748977140000000000,AAPL,XNAS,1.0050127506256104,101,5.0,BUY
1748977163000000000,AAPL,XNAS,1.0046014785766602,100,1.0,SELL
1748977177000000000,AAPL,XNAS,1.0051155090332031,101,4.0,BUY
1748977204000000000,AAPL,XNAS,1.0000965595245361,100,103.0,BUY
1748977259000000000,AAPL,XNAS,0.999683141708374,100,217.0,SELL
1748977265000000000,AAPL,XNAS,0.9995315670967102,100,15.0,BUY
1748977310000000000,AAPL,XNAS,0.9996699094772339,100,146.0,SELL
1748977351000000000,AAPL,XNAS,0.9997170567512512,100,1.0,SELL
1748977431000000000,AAPL,XNAS,0.9999057054519653,100,86.0,SELL
1748977444000000000,AAPL,XNAS,1.0003005266189575,100,346.0,SELL
1748977450000000000,AAPL,XNAS,1.000282883644104,100,90.0,BUY
1748977547000000000,AAPL,XNAS,1.000217080116272,100,252.0,SELL
1748977589000000000,AAPL,XNAS,1.0005186796188354,100,26.0,BUY
1748977616000000000,AAPL,XNAS,1.0000641345977783,100,164.0,SELL
1748977622000000000,AAPL,XNAS,0.9999528527259827,100,90.0,SELL
1748977634000000000,AAPL,XNAS,0.9998349547386169,100,200.0,SELL
1748977636000000000,AAPL,XNAS,0.9997642040252686,100,4.0,SELL
1748977637000000000,AAPL,XNAS,0.9997170567512512,100,2.0,UNKNOWN
1748977683000000000,AAPL,XNAS,0.9995526075363159,100,121.0,BUY
1748977684000000000,AAPL,XNAS,0.9997170567512512,100,100.0,SELL
1748977705000000000,AAPL,XNAS,1.0001885890960693,100,300.0,BUY
1748977800000000000,AAPL,XNAS,0.9983633160591125,100,99.0,SELL
1748977830000000000,AAPL,XNAS,0.9986751079559326,100,1.0,BUY
1748977835000000000,AAPL,XNAS,0.9984442591667175,100,226.0,BUY
1748977837000000000,AAPL,XNAS,0.998259425163269,100,2.0,SELL
1748977838000000000,AAPL,XNAS,0.9981555342674255,100,100.0,SELL
1748977840000000000,AAPL,XNAS,0.9980014562606812,100,87.0,SELL
1748977848000000000,AAPL,XNAS,0.998259425163269,100,2.0,SELL
1748977856000000000,AAPL,XNAS,0.9982074499130249,100,63.0,BUY
1748977908000000000,AAPL,XNAS,0.9978459477424622,100,118.0,SELL
1748977913000000000,AAPL,XNAS,0.997739851474762,100,1.0,SELL
1748977914000000000,AAPL,XNAS,0.997739851474762,100,2.0,BUY
1748977915000000000,AAPL,XNAS,0.9976369738578796,100,101.0,SELL
1748977919000000000,AAPL,XNAS,0.9979018568992615,100,17.0,SELL
1748977932000000000,AAPL,XNAS,0.9976878762245178,100,2.0,SELL
1748977943000000000,AAPL,XNAS,0.9981176853179932,100,411.0,SELL
1748977944000000000,AAPL,XNAS,0.9984152913093567,100,209.0,SELL
1748977959000000000,AAPL,XNAS,0.9981800317764282,100,212.0,BUY
1748977962000000000,AAPL,XNAS,0.9981035590171814,100,2.0,BUY
1748977979000000000,AAPL,XNAS,0.9983114004135132,100,101.0,SELL
1748977984000000000,AAPL,XNAS,0.998259425163269,100,100.0,SELL
1748977987000000000,AAPL,XNAS,0.9981555342674255,100,42.0,SELL
1748977995000000000,AAPL,XNAS,0.9979476928710938,100,5.0,SELL
1748978002000000000,AAPL,XNAS,0.9979476928710938,100,3.0,SELL
1748978009000000000,AAPL,XNAS,0.9978264570236206,100,240.0,BUY
1748978011000000000,AAPL,XNAS,0.9976878762245178,100,295.0,SELL
1748978012000000000,AAPL,XNAS,0.9975839853286743,100,2.0,SELL
1748978013000000000,AAPL,XNAS,0.9975839853286743,100,3.0,SELL
1748978014000000000,AAPL,XNAS,0.9975839853286743,100,4.0,SELL
1748978018000000000,AAPL,XNAS,0.9975839853286743,100,3.0,SELL
1748978023000000000,AAPL,XNAS,0.9975839853286743,100,3.0,SELL
1748978025000000000,AAPL,XNAS,0.9975839853286743,100,2.0,SELL
1748978027000000000,AAPL,XNAS,0.9975839853286743,100,1.0,SELL
1748978033000000000,AAPL,XNAS,0.9976359605789185,100,100.0,SELL
1748978042000000000,AAPL,XNAS,0.9978437423706055,100,200.0,SELL
1748978045000000000,AAPL,XNAS,0.9978437423706055,100,3.0,BUY
1748978050000000000,AAPL,XNAS,0.9975814819335938,100,84.0,BUY
1748978051000000000,AAPL,XNAS,0.9974021315574646,100,2.0,BUY
1748978053000000000,AAPL,XNAS,0.9973241686820984,100,3.0,SELL
1748978055000000000,AAPL,XNAS,0.9973761439323425,100,102.0,SELL
1748978059000000000,AAPL,XNAS,0.9973761439323425,100,2.0,SELL
1748978060000000000,AAPL,XNAS,0.9973241686820984,100,2.0,SELL
1748978061000000000,AAPL,XNAS,0.9972611665725708,100,254.0,SELL
1748978079000000000,AAPL,XNAS,0.9973761439323425,100,1.0,BUY
1748978098000000000,AAPL,XNAS,0.9974281191825867,100,100.0,SELL
1748978100000000000,AAPL,XNAS,0.9976359605789185,100,120.0,BUY
1748978102000000000,AAPL,XNAS,0.9976878762245178,100,100.0,BUY
1748978115000000000,AAPL,XNAS,0.9975839853286743,100,2.0,SELL
1748978120000000000,AAPL,XNAS,0.9973751306533813,100,103.0,SELL
1748978138000000000,AAPL,XNAS,0.9972202777862549,100,4.0,SELL
1748978141000000000,AAPL,XNAS,0.9970644116401672,100,1.0,SELL
1748978175000000000,AAPL,XNAS,0.9973761439323425,100,100.0,SELL
1748978182000000000,AAPL,XNAS,0.9973761439323425,100,3.0,BUY
1748978201000000000,AAPL,XNAS,0.9972202777862549,100,3.0,SELL
1748978209000000000,AAPL,XNAS,0.9971163868904114,100,203.0,BUY
1748978216000000000,AAPL,XNAS,0.9970241189002991,100,440.0,SELL
1748978219000000000,AAPL,XNAS,0.9969085454940796,100,1.0,SELL
1748978222000000000,AAPL,XNAS,0.9968565702438354,100,201.0,SELL
1748978226000000000,AAPL,XNAS,0.9968045949935913,100,100.0,SELL
1748978228000000000,AAPL,XNAS,0.9968045949935913,100,100.0,SELL
1748978235000000000,AAPL,XNAS,0.9965679049491882,100,18.0,SELL
1748978253000000000,AAPL,XNAS,0.9965968132019043,100,200.0,SELL
1748978255000000000,AAPL,XNAS,0.996492862701416,100,101.0,SELL
1748978258000000000,AAPL,XNAS,0.9963369965553284,100,2.0,SELL
1748978260000000000,AAPL,XNAS,0.9962071180343628,100,2.0,SELL
1748978262000000000,AAPL,XNAS,0.9961811304092407,100,3.0,SELL
1748978263000000000,AAPL,XNAS,0.9961811304092407,100,2.0,SELL
1748978268000000000,AAPL,XNAS,0.9961031675338745,100,2.0,SELL
1748978280000000000,AAPL,XNAS,0.9960252642631531,100,2.0,BUY
1748978281000000000,AAPL,XNAS,0.9958953857421875,100,2.0,SELL
1748978284000000000,AAPL,XNAS,0.9958693981170654,100,4.0,SELL
1748978287000000000,AAPL,XNAS,0.9957784414291382,100,4.0,SELL
1748978289000000000,AAPL,XNAS,0.9958693981170654,100,3.0,SELL
1748978299000000000,AAPL,XNAS,0.9962850213050842,100,301.0,BUY
1748978300000000000,AAPL,XNAS,0.9964953660964966,100,209.0,SELL
1748978317000000000,AAPL,XNAS,0.9967526793479919,100,3.0,SELL
1748978322000000000,AAPL,XNAS,0.9967526793479919,100,2.0,SELL
1748978323000000000,AAPL,XNAS,0.9965968132019043,100,11.0,SELL
1748978327000000000,AAPL,XNAS,0.9965448379516602,100,15.0,SELL
1748978330000000000,AAPL,XNAS,0.9964408874511719,100,3.0,SELL
1748978363000000000,AAPL,XNAS,0.9964408874511719,100,100.0,BUY
1748978378000000000,AAPL,XNAS,0.9965448379516602,100,1.0,SELL
1748978384000000000,AAPL,XNAS,0.9968565702438354,100,308.0,SELL
1748978469000000000,AAPL,XNAS,0.9967846870422363,100,355.0,SELL
1748978525000000000,AAPL,XNAS,0.9920474886894226,99,1.0,BUY
1748979051000000000,AAPL,XNAS,1.0004701614379883,100,15.0,SELL
1748979058000000000,AAPL,XNAS,1.0007100105285645,100,1.0,BUY
1748979092000000000,AAPL,XNAS,1.0003787279129028,100,153.0,BUY
1748979117000000000,AAPL,XNAS,1.0,100,124.0,BUY
1748979163000000000,AAPL,XNAS,1.0002347230911255,100,100.0,BUY
1748979171000000000,AAPL,XNAS,1.0002366304397583,100,5.0,SELL
1748979263000000000,AAPL,XNAS,1.0007573366165161,100,10.0,BUY
1748979322000000000,AAPL,XNAS,1.0003787279129028,100,112.0,SELL
1748979339000000000,AAPL,XNAS,1.0006153583526611,100,1.0,SELL
1748979353000000000,AAPL,XNAS,1.0004260540008545,100,2.0,SELL
1748979381000000000,AAPL,XNAS,1.000313639640808,100,267.0,BUY
1748979400000000000,AAPL,XNAS,1.0005818605422974,100,326.0,BUY
1748979461000000000,AAPL,XNAS,1.0003314018249512,100,1.0,SELL
1748979491000000000,AAPL,XNAS,1.0006626844406128,100,102.0,BUY
1748979512000000000,AAPL,XNAS,1.000757098197937,100,148.0,SELL
1748979515000000000,AAPL,XNAS,1.0006626844406128,100,103.0,BUY
1748979524000000000,AAPL,XNAS,1.0008032321929932,100,101.0,BUY
1748979536000000000,AAPL,XNAS,1.0008519887924194,100,1.0,BUY
1748979542000000000,AAPL,XNAS,1.0009936094284058,100,102.0,SELL
1748979605000000000,AAPL,XNAS,0.9998105764389038,100,24.0,SELL
1748979613000000000,AAPL,XNAS,1.0003315210342407,100,101.0,BUY
1748979655000000000,AAPL,XNAS,1.0001894235610962,100,42.0,BUY
1748979669000000000,AAPL,XNAS,1.0004479885101318,100,263.0,SELL
1748979671000000000,AAPL,XNAS,1.0003788471221924,100,20.0,BUY
1748979714000000000,AAPL,XNAS,1.0005086660385132,100,115.0,BUY
1748979736000000000,AAPL,XNAS,1.0006630420684814,100,1.0,BUY
1748979751000000000,AAPL,XNAS,1.0006630420684814,100,58.0,BUY
1748979753000000000,AAPL,XNAS,1.0006709098815918,100,24.0,SELL
1748979757000000000,AAPL,XNAS,1.0008524656295776,100,2.0,BUY
1748979791000000000,AAPL,XNAS,1.000805139541626,100,2.0,BUY
1748979792000000000,AAPL,XNAS,1.0008999109268188,100,7.0,BUY
1748979816000000000,AAPL,XNAS,1.0009945631027222,100,1.0,BUY
1748979817000000000,AAPL,XNAS,1.0010420083999634,100,10.0,SELL
1748979818000000000,AAPL,XNAS,1.0010420083999634,100,6.0,BUY
1748979825000000000,AAPL,XNAS,1.0009647607803345,100,681.0,BUY
1748979909000000000,AAPL,XNAS,1.0005252361297607,100,22.0,BUY
1748979964000000000,AAPL,XNAS,1.000284194946289,100,1.0,SELL
1748979979000000000,AAPL,XNAS,1.0006630420684814,100,253.0,UNKNOWN
1748979980000000000,AAPL,XNAS,1.0006630420684814,100,2.0,SELL
1748980032000000000,AAPL,XNAS,1.000520944595337,100,4.0,BUY
1748980036000000000,AAPL,XNAS,1.0006157159805298,100,2.0,BUY
1748980064000000000,AAPL,XNAS,1.0005683898925781,100,1.0,SELL
1748980081000000000,AAPL,XNAS,1.0006630420684814,100,2.0,UNKNOWN
1748980087000000000,AAPL,XNAS,1.0008996725082397,100,501.0,SELL
1748980140000000000,AAPL,XNAS,1.0009472370147705,100,2.0,BUY
1748980147000000000,AAPL,XNAS,1.0010420083999634,100,20.0,BUY
1748980154000000000,AAPL,XNAS,1.000805139541626,100,200.0,SELL
1748980164000000000,AAPL,XNAS,1.000805139541626,100,1.0,SELL
1748980173000000000,AAPL,XNAS,1.0007578134536743,100,20.0,BUY
1748980210000000000,AAPL,XNAS,0.9997827410697937,100,202.0,SELL
1748980212000000000,AAPL,XNAS,0.9997827410697937,100,3.0,BUY
1748980247000000000,AAPL,XNAS,0.9994930624961853,100,2.0,SELL
1748980284000000000,AAPL,XNAS,0.9991711378097534,100,9.0,SELL
1748980305000000000,AAPL,XNAS,0.9990097880363464,100,107.0,BUY
1748980306000000000,AAPL,XNAS,0.998614490032196,100,112.0,BUY
1748980307000000000,AAPL,XNAS,0.9984791278839111,100,1.0,SELL
1748980347000000000,AAPL,XNAS,0.9987180233001709,100,115.0,BUY
1748980348000000000,AAPL,XNAS,0.9984308481216431,100,101.0,BUY
1748980349000000000,AAPL,XNAS,0.9979861378669739,100,38.0,SELL
1748980384000000000,AAPL,XNAS,0.9978514313697815,100,101.0,BUY
1748980410000000000,AAPL,XNAS,0.9975875616073608,100,43.0,BUY
1748980422000000000,AAPL,XNAS,0.9971254467964172,100,28.0,BUY
1748980427000000000,AAPL,XNAS,0.9967343807220459,100,169.0,SELL
1748980437000000000,AAPL,XNAS,0.9966926574707031,100,1.0,SELL
1748980468000000000,AAPL,XNAS,0.9969340562820435,100,1.0,UNKNOWN
1748980504000000000,AAPL,XNAS,0.9972416758537292,100,549.0,BUY
1748980505000000000,AAPL,XNAS,0.9971754550933838,100,3.0,BUY
1748980506000000000,AAPL,XNAS,0.9973838925361633,100,259.0,BUY
1748980514000000000,AAPL,XNAS,0.9975161552429199,100,71.0,BUY
1748980541000000000,AAPL,XNAS,0.9975778460502625,100,3.0,SELL
1748980551000000000,AAPL,XNAS,0.9978031516075134,100,2.0,BUY
1748980552000000000,AAPL,XNAS,0.9979479908943176,100,4.0,UNKNOWN
1748980557000000000,AAPL,XNAS,0.9980928301811218,100,1.0,BUY
1748980559000000000,AAPL,XNAS,0.9981411099433899,100,1.0,BUY
1748980584000000000,AAPL,XNAS,0.9979772567749023,100,33.0,BUY
1748980608000000000,AAPL,XNAS,0.9976100325584412,100,102.0,SELL
1748980658000000000,AAPL,XNAS,0.9976100325584412,100,105.0,BUY
1748980664000000000,AAPL,XNAS,0.9976100325584412,100,1.0,UNKNOWN
1748980728000000000,AAPL,XNAS,0.9977065920829773,100,1.0,SELL
1748980740000000000,AAPL,XNAS,0.9977548718452454,100,2.0,BUY
1748980785000000000,AAPL,XNAS,0.9975306391716003,100,121.0,BUY
1748980786000000000,AAPL,XNAS,0.9976100325584412,100,50.0,SELL
1748980815000000000,AAPL,XNAS,0.9954731464385986,100,5.0,SELL
1748980823000000000,AAPL,XNAS,0.9951826333999634,100,5.0,SELL
1748980834000000000,AAPL,XNAS,0.9958604574203491,100,5.0,BUY
1748980839000000000,AAPL,XNAS,0.9950299859046936,100,98.0,SELL
1748980877000000000,AAPL,XNAS,0.9938536286354065,99,40.0,SELL
1748980914000000000,AAPL,XNAS,0.9947469234466553,99,2.0,BUY
1748980915000000000,AAPL,XNAS,0.9941654205322266,99,100.0,SELL
1748980935000000000,AAPL,XNAS,0.9941174983978271,99,197.0,SELL
1748980963000000000,AAPL,XNAS,0.9947469234466553,99,29.0,BUY
1748980975000000000,AAPL,XNAS,0.9946016669273376,99,1.0,BUY
1748981031000000000,AAPL,XNAS,0.9940207004547119,99,98.0,SELL
1748981036000000000,AAPL,XNAS,0.9939528107643127,99,117.0,SELL
1748981039000000000,AAPL,XNAS,0.9946016669273376,99,1.0,SELL
1748981093000000000,AAPL,XNAS,0.9946016669273376,99,1.0,SELL
1748981120000000000,AAPL,XNAS,0.9952794909477234,100,293.0,SELL
1748981125000000000,AAPL,XNAS,0.995424747467041,100,1.0,SELL
1748981135000000000,AAPL,XNAS,0.9959573149681091,100,190.0,SELL
1748981136000000000,AAPL,XNAS,0.9956874847412109,100,211.0,SELL
1748981164000000000,AAPL,XNAS,0.9968791007995605,100,25.0,SELL
1748981215000000000,AAPL,XNAS,0.9973129630088806,100,1.0,SELL
1748981279000000000,AAPL,XNAS,0.9976034164428711,100,2.0,SELL
1748981325000000000,AAPL,XNAS,0.996915876865387,100,392.0,SELL
1748981358000000000,AAPL,XNAS,0.9964085817337036,100,474.0,BUY
1748981360000000000,AAPL,XNAS,0.9958091974258423,100,68.0,BUY
1748981362000000000,AAPL,XNAS,0.9958120584487915,100,1.0,SELL
1748981391000000000,AAPL,XNAS,0.9960541129112244,100,1.0,BUY
1748981398000000000,AAPL,XNAS,0.9958604574203491,100,2.0,SELL
1748981501000000000,AAPL,XNAS,1.000537395477295,100,306.0,BUY
1748981553000000000,AAPL,XNAS,0.9996779561042786,100,26.0,BUY
1748981587000000000,AAPL,XNAS,0.999083399772644,100,2.0,SELL
1748981603000000000,AAPL,XNAS,0.999083399772644,100,1.0,SELL
1748981604000000000,AAPL,XNAS,0.9990338683128357,100,1.0,BUY
1748981651000000000,AAPL,XNAS,0.9992815852165222,100,101.0,SELL
1748981655000000000,AAPL,XNAS,0.9995788931846619,100,20.0,BUY
1748981677000000000,AAPL,XNAS,1.0001734495162964,100,1.0,SELL
1748981678000000000,AAPL,XNAS,0.9997274875640869,100,205.0,SELL
1748981723000000000,AAPL,XNAS,1.0000247955322266,100,102.0,BUY
1748981743000000000,AAPL,XNAS,1.0004706382751465,100,44.0,SELL
1748981821000000000,AAPL,XNAS,1.0005202293395996,100,21.0,BUY
1748981861000000000,AAPL,XNAS,1.001189112663269,100,116.0,BUY
1748981894000000000,AAPL,XNAS,1.000421166419983,100,1.0,BUY
1748981954000000000,AAPL,XNAS,0.9996284246444702,100,306.0,BUY
1748981957000000000,AAPL,XNAS,0.9988852143287659,100,1.0,SELL
1748982031000000000,AAPL,XNAS,0.9981042742729187,100,222.0,SELL
1748982034000000000,AAPL,XNAS,0.9985153079032898,100,24.0,BUY
1748982035000000000,AAPL,XNAS,0.9985153079032898,100,2.0,SELL
1748982040000000000,AAPL,XNAS,0.9981382489204407,100,12.0,BUY
1748982060000000000,AAPL,XNAS,0.9975054264068604,100,141.0,BUY
1748982079000000000,AAPL,XNAS,0.9976197481155396,100,1.0,SELL
1748982090000000000,AAPL,XNAS,0.9982755780220032,100,105.0,SELL
1748982098000000000,AAPL,XNAS,0.9981382489204407,100,100.0,SELL
1748982143000000000,AAPL,XNAS,0.9984210133552551,100,50.0,SELL
1748982151000000000,AAPL,XNAS,0.9989854097366333,100,303.0,SELL
1748982166000000000,AAPL,XNAS,0.9989826083183289,100,94.0,SELL
1748982172000000000,AAPL,XNAS,0.999160647392273,100,104.0,BUY
1748982212000000000,AAPL,XNAS,0.9990337491035461,100,1.0,SELL
1748982213000000000,AAPL,XNAS,0.9994230270385742,100,232.0,BUY
1748982219000000000,AAPL,XNAS,0.9996464848518372,100,93.0,SELL
1748982239000000000,AAPL,XNAS,0.9994396567344666,100,206.0,BUY
1748982259000000000,AAPL,XNAS,0.9989426136016846,100,107.0,SELL
1748982318000000000,AAPL,XNAS,0.9991280436515808,100,1.0,SELL
1748982330000000000,AAPL,XNAS,0.9997444748878479,100,101.0,SELL
1748982389000000000,AAPL,XNAS,0.99950110912323,100,95.0,BUY
1748982390000000000,AAPL,XNAS,0.9988452196121216,100,101.0,BUY
1748982407000000000,AAPL,XNAS,0.9977813959121704,100,7.0,BUY
1748982409000000000,AAPL,XNAS,0.9976668953895569,100,1.0,BUY
1748982447000000000,AAPL,XNAS,0.998464822769165,100,391.0,SELL
1748982450000000000,AAPL,XNAS,0.9994029998779297,100,12.0,SELL
1748982459000000000,AAPL,XNAS,0.9991751909255981,100,100.0,SELL
1748982560000000000,AAPL,XNAS,0.9980965256690979,100,104.0,SELL
1748982569000000000,AAPL,XNAS,0.9975490570068359,100,8.0,SELL
1748982576000000000,AAPL,XNAS,0.9975255131721497,100,1.0,SELL
