ts_ns,symbol,venue,level,side,price,price_ticks,size,num_orders
1748872800000000000,AAPL,XNAS,1,1,1.0014221668243408,100,3.0,1
1748872800000000000,AAPL,XNAS,1,-1,1.0023013353347778,100,226.0,1
1748872800000000000,AAPL,XNAS,2,1,1.0013704299926758,100,2.0,1
1748872800000000000,AAPL,XNAS,2,-1,1.0023530721664429,100,100.0,1
1748872801000000000,AAPL,XNAS,1,1,1.0014221668243408,100,3.0,1
1748872801000000000,AAPL,XNAS,1,-1,1.0023013353347778,100,100.0,1
1748872801000000000,AAPL,XNAS,2,1,1.0013704299926758,100,2.0,1
1748872801000000000,AAPL,XNAS,2,-1,1.0023530721664429,100,100.0,1
1748872805000000000,AAPL,XNAS,1,1,1.0014221668243408,100,3.0,1
1748872805000000000,AAPL,XNAS,1,-1,1.0023013353347778,100,100.0,1
1748872805000000000,AAPL,XNAS,2,1,1.0013704299926758,100,2.0,1
1748872805000000000,AAPL,XNAS,2,-1,1.002404808998108,100,100.0,1
1748872806000000000,AAPL,XNAS,1,1,1.0014221668243408,100,3.0,1
1748872806000000000,AAPL,XNAS,1,-1,1.0023013353347778,100,126.0,1
1748872806000000000,AAPL,XNAS,2,1,1.0013704299926758,100,2.0,1
1748872806000000000,AAPL,XNAS,2,-1,1.002404808998108,100,100.0,1
1748872807000000000,AAPL,XNAS,1,1,1.0014221668243408,100,3.0,1
1748872807000000000,AAPL,XNAS,1,-1,1.0023013353347778,100,126.0,1
1748872807000000000,AAPL,XNAS,2,1,1.0013704299926758,100,2.0,1
1748872807000000000,AAPL,XNAS,2,-1,1.002404808998108,100,100.0,1
1748872811000000000,AAPL,XNAS,1,1,1.0014221668243408,100,3.0,1
1748872811000000000,AAPL,XNAS,1,-1,1.0023013353347778,100,100.0,1
1748872811000000000,AAPL,XNAS,2,1,1.0013704299926758,100,2.0,1
1748872811000000000,AAPL,XNAS,2,-1,1.002404808998108,100,100.0,1
1748872812000000000,AAPL,XNAS,1,1,1.0014221668243408,100,3.0,1
1748872812000000000,AAPL,XNAS,1,-1,1.0023013353347778,100,126.0,1
1748872812000000000,AAPL,XNAS,2,1,1.0013704299926758,100,2.0,1
1748872812000000000,AAPL,XNAS,2,-1,1.002404808998108,100,100.0,1
1748872814000000000,AAPL,XNAS,1,1,1.0014221668243408,100,3.0,1
1748872814000000000,AAPL,XNAS,1,-1,1.0023013353347778,100,126.0,1
1748872814000000000,AAPL,XNAS,2,1,1.0013704299926758,100,2.0,1
1748872814000000000,AAPL,XNAS,2,-1,1.002404808998108,100,100.0,1
1748872815000000000,AAPL,XNAS,1,1,1.0014221668243408,100,3.0,1
1748872815000000000,AAPL,XNAS,1,-1,1.0023013353347778,100,126.0,1
1748872815000000000,AAPL,XNAS,2,1,1.0013704299926758,100,2.0,1
1748872815000000000,AAPL,XNAS,2,-1,1.002404808998108,100,100.0,1
1748872816000000000,AAPL,XNAS,1,1,1.0014221668243408,100,3.0,1
1748872816000000000,AAPL,XNAS,1,-1,1.0023013353347778,100,126.0,1
1748872816000000000,AAPL,XNAS,2,1,1.0013704299926758,100,2.0,1
1748872816000000000,AAPL,XNAS,2,-1,1.002404808998108,100,100.0,1
1748872817000000000,AAPL,XNAS,1,1,1.0014221668243408,100,3.0,1
1748872817000000000,AAPL,XNAS,1,-1,1.0023013353347778,100,100.0,1
1748872817000000000,AAPL,XNAS,2,1,1.0013704299926758,100,2.0,1
1748872817000000000,AAPL,XNAS,2,-1,1.002404808998108,100,100.0,1
1748872818000000000,AAPL,XNAS,1,1,1.0014221668243408,100,3.0,1
1748872818000000000,AAPL,XNAS,1,-1,1.0023013353347778,100,126.0,1
1748872818000000000,AAPL,XNAS,2,1,1.0013704299926758,100,2.0,1
1748872818000000000,AAPL,XNAS,2,-1,1.002404808998108,100,100.0,1
1748872819000000000,AAPL,XNAS,1,1,1.0014221668243408,100,3.0,1
1748872819000000000,AAPL,XNAS,1,-1,1.0023013353347778,100,126.0,1
1748872819000000000,AAPL,XNAS,2,1,1.0013704299926758,100,2.0,1
1748872819000000000,AAPL,XNAS,2,-1,1.002404808998108,100,100.0,1
1748872821000000000,AAPL,XNAS,1,1,1.0014221668243408,100,3.0,1
1748872821000000000,AAPL,XNAS,1,-1,1.0028184652328491,100,30.0,1
1748872821000000000,AAPL,XNAS,2,1,1.0013704299926758,100,2.0,1
1748872821000000000,AAPL,XNAS,2,-1,1.0029219388961792,100,100.0,1
1748872824000000000,AAPL,XNAS,1,1,1.0014739036560059,100,155.0,1
1748872824000000000,AAPL,XNAS,1,-1,1.0028184652328491,100,30.0,1
1748872824000000000,AAPL,XNAS,2,1,1.0014221668243408,100,3.0,1
1748872824000000000,AAPL,XNAS,2,-1,1.0029219388961792,100,100.0,1
1748872825000000000,AAPL,XNAS,1,1,1.0017324686050415,100,83.0,1
1748872825000000000,AAPL,XNAS,1,-1,1.0028184652328491,100,30.0,1
1748872825000000000,AAPL,XNAS,2,1,1.0014221668243408,100,3.0,1
1748872825000000000,AAPL,XNAS,2,-1,1.0029219388961792,100,100.0,1
1748872844000000000,AAPL,XNAS,1,1,1.0017324686050415,100,83.0,1
1748872844000000000,AAPL,XNAS,1,-1,1.0028184652328491,100,28.0,1
1748872844000000000,AAPL,XNAS,2,1,1.0014221668243408,100,3.0,1
1748872844000000000,AAPL,XNAS,2,-1,1.0029219388961792,100,100.0,1
1748872846000000000,AAPL,XNAS,1,1,1.0028184652328491,100,155.0,1
1748872846000000000,AAPL,XNAS,1,-1,1.0032322406768799,100,1.0,1
1748872846000000000,AAPL,XNAS,2,1,1.0023013353347778,100,200.0,1
1748872846000000000,AAPL,XNAS,2,-1,1.0038011074066162,100,34.0,1
1748872847000000000,AAPL,XNAS,1,1,1.0028184652328491,100,55.0,1
1748872847000000000,AAPL,XNAS,1,-1,1.0032322406768799,100,1.0,1
1748872847000000000,AAPL,XNAS,2,1,1.0023013353347778,100,100.0,1
1748872847000000000,AAPL,XNAS,2,-1,1.0038011074066162,100,34.0,1
1748872848000000000,AAPL,XNAS,1,1,1.0028184652328491,100,55.0,1
1748872848000000000,AAPL,XNAS,1,-1,1.0032322406768799,100,101.0,1
1748872848000000000,AAPL,XNAS,2,1,1.0023530721664429,100,103.0,1
1748872848000000000,AAPL,XNAS,2,-1,1.0037493705749512,100,100.0,1
1748872850000000000,AAPL,XNAS,1,1,1.0023530721664429,100,3.0,1
1748872850000000000,AAPL,XNAS,1,-1,1.0030254125595093,100,20.0,1
1748872850000000000,AAPL,XNAS,2,1,1.0023013353347778,100,100.0,1
1748872850000000000,AAPL,XNAS,2,-1,1.0032322406768799,100,301.0,2
1748872851000000000,AAPL,XNAS,1,1,1.0023530721664429,100,3.0,1
1748872851000000000,AAPL,XNAS,1,-1,1.0030254125595093,100,20.0,1
1748872851000000000,AAPL,XNAS,2,1,1.0023013353347778,100,100.0,1
1748872851000000000,AAPL,XNAS,2,-1,1.0032322406768799,100,329.0,2
1748872855000000000,AAPL,XNAS,1,1,1.0023530721664429,100,3.0,1
1748872855000000000,AAPL,XNAS,1,-1,1.0030254125595093,100,20.0,1
1748872855000000000,AAPL,XNAS,2,1,1.0023013353347778,100,100.0,1
1748872855000000000,AAPL,XNAS,2,-1,1.0031805038452148,100,100.0,1
1748872857000000000,AAPL,XNAS,1,1,1.0025081634521484,100,200.0,1
1748872857000000000,AAPL,XNAS,1,-1,1.003645896911621,100,104.0,1
1748872857000000000,AAPL,XNAS,2,1,1.002456545829773,100,28.0,1
1748872857000000000,AAPL,XNAS,2,-1,1.0037493705749512,100,200.0,1
1748872859000000000,AAPL,XNAS,1,1,1.0025081634521484,100,200.0,1
1748872859000000000,AAPL,XNAS,1,-1,1.003645896911621,100,4.0,1
1748872859000000000,AAPL,XNAS,2,1,1.002456545829773,100,28.0,1
1748872859000000000,AAPL,XNAS,2,-1,1.0037493705749512,100,200.0,1
1748872860000000000,AAPL,XNAS,1,1,1.0027668476104736,100,100.0,1
1748872860000000000,AAPL,XNAS,1,-1,1.003645896911621,100,4.0,1
1748872860000000000,AAPL,XNAS,2,1,1.0027151107788086,100,100.0,1
1748872860000000000,AAPL,XNAS,2,-1,1.0037493705749512,100,200.0,1
1748872863000000000,AAPL,XNAS,1,1,1.0028184652328491,100,11.0,1
1748872863000000000,AAPL,XNAS,1,-1,1.003645896911621,100,4.0,1
1748872863000000000,AAPL,XNAS,2,1,1.0027668476104736,100,14.0,1
1748872863000000000,AAPL,XNAS,2,-1,1.0037493705749512,100,200.0,1
1748872868000000000,AAPL,XNAS,1,1,1.0028702020645142,100,100.0,1
1748872868000000000,AAPL,XNAS,1,-1,1.0037493705749512,100,100.0,1
1748872868000000000,AAPL,XNAS,2,1,1.0028184652328491,100,11.0,1
1748872868000000000,AAPL,XNAS,2,-1,1.0038011074066162,100,34.0,1
1748872869000000000,AAPL,XNAS,1,1,1.0028184652328491,100,11.0,1
1748872869000000000,AAPL,XNAS,1,-1,1.0037493705749512,100,100.0,1
1748872869000000000,AAPL,XNAS,2,1,1.0027668476104736,100,114.0,1
1748872869000000000,AAPL,XNAS,2,-1,1.0038011074066162,100,34.0,1
1748872878000000000,AAPL,XNAS,1,1,1.003283977508545,100,19.0,1
1748872878000000000,AAPL,XNAS,1,-1,1.004163146018982,100,9.0,1
1748872878000000000,AAPL,XNAS,2,1,1.0031805038452148,100,28.0,1
1748872878000000000,AAPL,XNAS,2,-1,1.0043182373046875,100,20.0,1
1748872879000000000,AAPL,XNAS,1,1,1.003283977508545,100,119.0,1
1748872879000000000,AAPL,XNAS,1,-1,1.004163146018982,100,9.0,1
1748872879000000000,AAPL,XNAS,2,1,1.0031805038452148,100,28.0,1
1748872879000000000,AAPL,XNAS,2,-1,1.0043182373046875,100,20.0,1
1748872881000000000,AAPL,XNAS,1,1,1.003283977508545,100,124.0,1
1748872881000000000,AAPL,XNAS,1,-1,1.004163146018982,100,9.0,1
1748872881000000000,AAPL,XNAS,2,1,1.0031805038452148,100,28.0,1
1748872881000000000,AAPL,XNAS,2,-1,1.0043182373046875,100,20.0,1
1748872883000000000,AAPL,XNAS,1,1,1.003283977508545,100,119.0,1
1748872883000000000,AAPL,XNAS,1,-1,1.004163146018982,100,9.0,1
1748872883000000000,AAPL,XNAS,2,1,1.0031805038452148,100,28.0,1
1748872883000000000,AAPL,XNAS,2,-1,1.0043182373046875,100,20.0,1
1748872885000000000,AAPL,XNAS,1,1,1.003283977508545,100,122.0,1
1748872885000000000,AAPL,XNAS,1,-1,1.004163146018982,100,9.0,1
1748872885000000000,AAPL,XNAS,2,1,1.0031805038452148,100,28.0,1
1748872885000000000,AAPL,XNAS,2,-1,1.0043182373046875,100,20.0,1
1748872890000000000,AAPL,XNAS,1,1,1.003283977508545,100,322.0,2
1748872890000000000,AAPL,XNAS,1,-1,1.004163146018982,100,9.0,1
1748872890000000000,AAPL,XNAS,2,1,1.0031805038452148,100,28.0,1
1748872890000000000,AAPL,XNAS,2,-1,1.0043182373046875,100,20.0,1
1748872892000000000,AAPL,XNAS,1,1,1.003283977508545,100,222.0,1
1748872892000000000,AAPL,XNAS,1,-1,1.004163146018982,100,9.0,1
1748872892000000000,AAPL,XNAS,2,1,1.0027668476104736,100,214.0,1
1748872892000000000,AAPL,XNAS,2,-1,1.0043182373046875,100,20.0,1
1748872893000000000,AAPL,XNAS,1,1,1.003283977508545,100,124.0,1
1748872893000000000,AAPL,XNAS,1,-1,1.004163146018982,100,9.0,1
1748872893000000000,AAPL,XNAS,2,1,1.0032322406768799,100,100.0,1
1748872893000000000,AAPL,XNAS,2,-1,1.0043182373046875,100,20.0,1
1748872894000000000,AAPL,XNAS,1,1,1.003283977508545,100,124.0,1
1748872894000000000,AAPL,XNAS,1,-1,1.004163146018982,100,9.0,1
1748872894000000000,AAPL,XNAS,2,1,1.0032322406768799,100,100.0,1
1748872894000000000,AAPL,XNAS,2,-1,1.004214882850647,100,2.0,1
1748872897000000000,AAPL,XNAS,1,1,1.003283977508545,100,222.0,1
1748872897000000000,AAPL,XNAS,1,-1,1.004163146018982,100,9.0,1
1748872897000000000,AAPL,XNAS,2,1,1.0031805038452148,100,27.0,1
1748872897000000000,AAPL,XNAS,2,-1,1.0043182373046875,100,22.0,1
1748872898000000000,AAPL,XNAS,1,1,1.003283977508545,100,219.0,1
1748872898000000000,AAPL,XNAS,1,-1,1.004163146018982,100,9.0,1
1748872898000000000,AAPL,XNAS,2,1,1.0031805038452148,100,27.0,1
1748872898000000000,AAPL,XNAS,2,-1,1.0043182373046875,100,22.0,1
1748872901000000000,AAPL,XNAS,1,1,1.003283977508545,100,119.0,1
1748872901000000000,AAPL,XNAS,1,-1,1.004163146018982,100,9.0,1
1748872901000000000,AAPL,XNAS,2,1,1.0032322406768799,100,100.0,1
1748872901000000000,AAPL,XNAS,2,-1,1.004214882850647,100,2.0,1
1748872903000000000,AAPL,XNAS,1,1,1.003283977508545,100,119.0,1
1748872903000000000,AAPL,XNAS,1,-1,1.004163146018982,100,9.0,1
1748872903000000000,AAPL,XNAS,2,1,1.0032322406768799,100,100.0,1
1748872903000000000,AAPL,XNAS,2,-1,1.004214882850647,100,102.0,1
1748872905000000000,AAPL,XNAS,1,1,1.003283977508545,100,119.0,1
1748872905000000000,AAPL,XNAS,1,-1,1.004163146018982,100,9.0,1
1748872905000000000,AAPL,XNAS,2,1,1.0032322406768799,100,227.0,1
1748872905000000000,AAPL,XNAS,2,-1,1.004214882850647,100,102.0,1
1748872906000000000,AAPL,XNAS,1,1,1.003283977508545,100,119.0,1
1748872906000000000,AAPL,XNAS,1,-1,1.004163146018982,100,9.0,1
1748872906000000000,AAPL,XNAS,2,1,1.0032322406768799,100,127.0,1
1748872906000000000,AAPL,XNAS,2,-1,1.004214882850647,100,102.0,1
1748872910000000000,AAPL,XNAS,1,1,1.003283977508545,100,119.0,1
1748872910000000000,AAPL,XNAS,1,-1,1.004163146018982,100,7.0,1
1748872910000000000,AAPL,XNAS,2,1,1.0032322406768799,100,127.0,1
1748872910000000000,AAPL,XNAS,2,-1,1.004214882850647,100,102.0,1
1748872911000000000,AAPL,XNAS,1,1,1.003283977508545,100,119.0,1
1748872911000000000,AAPL,XNAS,1,-1,1.004163146018982,100,6.0,1
1748872911000000000,AAPL,XNAS,2,1,1.0032322406768799,100,127.0,1
1748872911000000000,AAPL,XNAS,2,-1,1.004214882850647,100,102.0,1
1748872913000000000,AAPL,XNAS,1,1,1.003283977508545,100,142.0,1
1748872913000000000,AAPL,XNAS,1,-1,1.004214882850647,100,102.0,1
1748872913000000000,AAPL,XNAS,2,1,1.0032322406768799,100,127.0,1
1748872913000000000,AAPL,XNAS,2,-1,1.0043182373046875,100,20.0,1
1748872914000000000,AAPL,XNAS,1,1,1.00333571434021,100,300.0,2
1748872914000000000,AAPL,XNAS,1,-1,1.004214882850647,100,102.0,1
1748872914000000000,AAPL,XNAS,2,1,1.003283977508545,100,119.0,1
1748872914000000000,AAPL,XNAS,2,-1,1.0043182373046875,100,20.0,1
1748872915000000000,AAPL,XNAS,1,1,1.0033873319625854,100,240.0,2
1748872915000000000,AAPL,XNAS,1,-1,1.004214882850647,100,102.0,1
1748872915000000000,AAPL,XNAS,2,1,1.00333571434021,100,400.0,3
1748872915000000000,AAPL,XNAS,2,-1,1.0043182373046875,100,20.0,1
1748872918000000000,AAPL,XNAS,1,1,1.00333571434021,100,200.0,1
1748872918000000000,AAPL,XNAS,1,-1,1.004214882850647,100,102.0,1
1748872918000000000,AAPL,XNAS,2,1,1.003283977508545,100,19.0,1
1748872918000000000,AAPL,XNAS,2,-1,1.0043182373046875,100,20.0,1
1748872919000000000,AAPL,XNAS,1,1,1.0033873319625854,100,100.0,1
1748872919000000000,AAPL,XNAS,1,-1,1.004214882850647,100,102.0,1
1748872919000000000,AAPL,XNAS,2,1,1.00333571434021,100,100.0,1
1748872919000000000,AAPL,XNAS,2,-1,1.0043182373046875,100,20.0,1
1748872922000000000,AAPL,XNAS,1,1,1.0039561986923218,100,30.0,1
1748872922000000000,AAPL,XNAS,1,-1,1.0045768022537231,100,101.0,1
1748872922000000000,AAPL,XNAS,2,1,1.0036976337432861,100,200.0,1
1748872922000000000,AAPL,XNAS,2,-1,1.0051456689834595,101,3.0,1
1748872923000000000,AAPL,XNAS,1,1,1.0039561986923218,100,30.0,1
1748872923000000000,AAPL,XNAS,1,-1,1.0045768022537231,100,102.0,1
1748872923000000000,AAPL,XNAS,2,1,1.0035942792892456,100,200.0,1
1748872923000000000,AAPL,XNAS,2,-1,1.0051456689834595,101,3.0,1
1748872924000000000,AAPL,XNAS,1,1,1.0039561986923218,100,30.0,1
1748872924000000000,AAPL,XNAS,1,-1,1.0045768022537231,100,102.0,1
1748872924000000000,AAPL,XNAS,2,1,1.003645896911621,100,100.0,1
1748872924000000000,AAPL,XNAS,2,-1,1.0051456689834595,101,3.0,1
1748872926000000000,AAPL,XNAS,1,1,1.0039561986923218,100,30.0,1
1748872926000000000,AAPL,XNAS,1,-1,1.0045768022537231,100,2.0,1
1748872926000000000,AAPL,XNAS,2,1,1.003645896911621,100,100.0,1
1748872926000000000,AAPL,XNAS,2,-1,1.0051456689834595,101,3.0,1
1748872927000000000,AAPL,XNAS,1,1,1.0039561986923218,100,30.0,1
1748872927000000000,AAPL,XNAS,1,-1,1.0049388408660889,100,100.0,1
1748872927000000000,AAPL,XNAS,2,1,1.003645896911621,100,200.0,1
1748872927000000000,AAPL,XNAS,2,-1,1.0051456689834595,101,3.0,1
1748872928000000000,AAPL,XNAS,1,1,1.0039561986923218,100,300.0,2
1748872928000000000,AAPL,XNAS,1,-1,1.0049388408660889,100,11.0,1
1748872928000000000,AAPL,XNAS,2,1,1.0034390687942505,100,2.0,1
1748872928000000000,AAPL,XNAS,2,-1,1.0051456689834595,101,3.0,1
1748872929000000000,AAPL,XNAS,1,1,1.0039561986923218,100,500.0,4
1748872929000000000,AAPL,XNAS,1,-1,1.0049388408660889,100,10.0,1
1748872929000000000,AAPL,XNAS,2,1,1.0034390687942505,100,2.0,1
1748872929000000000,AAPL,XNAS,2,-1,1.005042314529419,101,46.0,1
1748872932000000000,AAPL,XNAS,1,1,1.004214882850647,100,100.0,1
1748872932000000000,AAPL,XNAS,1,-1,1.0049388408660889,100,10.0,1
1748872932000000000,AAPL,XNAS,2,1,1.0039561986923218,100,400.0,3
1748872932000000000,AAPL,XNAS,2,-1,1.005042314529419,101,46.0,1
1748872933000000000,AAPL,XNAS,1,1,1.0042665004730225,100,32.0,1
1748872933000000000,AAPL,XNAS,1,-1,1.0049388408660889,100,30.0,1
1748872933000000000,AAPL,XNAS,2,1,1.004214882850647,100,100.0,1
1748872933000000000,AAPL,XNAS,2,-1,1.005042314529419,101,46.0,1
1748872934000000000,AAPL,XNAS,1,1,1.0042665004730225,100,32.0,1
1748872934000000000,AAPL,XNAS,1,-1,1.0049388408660889,100,30.0,1
1748872934000000000,AAPL,XNAS,2,1,1.0039561986923218,100,400.0,3
1748872934000000000,AAPL,XNAS,2,-1,1.005042314529419,101,46.0,1
1748872938000000000,AAPL,XNAS,1,1,1.0042665004730225,100,32.0,1
1748872938000000000,AAPL,XNAS,1,-1,1.0049388408660889,100,30.0,1
1748872938000000000,AAPL,XNAS,2,1,1.0039561986923218,100,400.0,3
1748872938000000000,AAPL,XNAS,2,-1,1.005042314529419,101,47.0,1
1748872940000000000,AAPL,XNAS,1,1,1.0040079355239868,100,32.0,1
1748872940000000000,AAPL,XNAS,1,-1,1.0046285390853882,100,28.0,1
1748872940000000000,AAPL,XNAS,2,1,1.0039561986923218,100,200.0,1
1748872940000000000,AAPL,XNAS,2,-1,1.0048871040344238,100,7.0,1
1748872941000000000,AAPL,XNAS,1,1,1.0040079355239868,100,32.0,1
1748872941000000000,AAPL,XNAS,1,-1,1.0046285390853882,100,28.0,1
1748872941000000000,AAPL,XNAS,2,1,1.0039561986923218,100,200.0,1
1748872941000000000,AAPL,XNAS,2,-1,1.0048353672027588,100,100.0,1
1748872943000000000,AAPL,XNAS,1,1,1.0040079355239868,100,32.0,1
1748872943000000000,AAPL,XNAS,1,-1,1.0047837495803833,100,5.0,1
1748872943000000000,AAPL,XNAS,2,1,1.0039561986923218,100,200.0,1
1748872943000000000,AAPL,XNAS,2,-1,1.0048353672027588,100,94.0,1
1748872944000000000,AAPL,XNAS,1,1,1.0040079355239868,100,32.0,1
1748872944000000000,AAPL,XNAS,1,-1,1.0045768022537231,100,100.0,1
1748872944000000000,AAPL,XNAS,2,1,1.0039561986923218,100,200.0,1
1748872944000000000,AAPL,XNAS,2,-1,1.0047837495803833,100,5.0,1
1748872945000000000,AAPL,XNAS,1,1,1.0040079355239868,100,32.0,1
1748872945000000000,AAPL,XNAS,1,-1,1.0045768022537231,100,101.0,1
1748872945000000000,AAPL,XNAS,2,1,1.0039561986923218,100,200.0,1
1748872945000000000,AAPL,XNAS,2,-1,1.0047837495803833,100,5.0,1
1748872947000000000,AAPL,XNAS,1,1,1.0034908056259155,100,200.0,1
1748872947000000000,AAPL,XNAS,1,-1,1.0042665004730225,100,100.0,1
1748872947000000000,AAPL,XNAS,2,1,1.0034390687942505,100,2.0,1
1748872947000000000,AAPL,XNAS,2,-1,1.0045768022537231,100,1.0,1
1748872948000000000,AAPL,XNAS,1,1,1.0034390687942505,100,2.0,1
1748872948000000000,AAPL,XNAS,1,-1,1.0042665004730225,100,165.0,1
1748872948000000000,AAPL,XNAS,2,1,1.0033873319625854,100,100.0,1
1748872948000000000,AAPL,XNAS,2,-1,1.0044734477996826,100,26.0,1
1748872949000000000,AAPL,XNAS,1,1,1.0034390687942505,100,2.0,1
1748872949000000000,AAPL,XNAS,1,-1,1.004214882850647,100,100.0,1
1748872949000000000,AAPL,XNAS,2,1,1.0033873319625854,100,100.0,1
1748872949000000000,AAPL,XNAS,2,-1,1.0042665004730225,100,166.0,1
1748872950000000000,AAPL,XNAS,1,1,1.0034390687942505,100,2.0,1
1748872950000000000,AAPL,XNAS,1,-1,1.004214882850647,100,100.0,1
1748872950000000000,AAPL,XNAS,2,1,1.00333571434021,100,200.0,1
1748872950000000000,AAPL,XNAS,2,-1,1.0042665004730225,100,165.0,1
1748872951000000000,AAPL,XNAS,1,1,1.0034390687942505,100,2.0,1
1748872951000000000,AAPL,XNAS,1,-1,1.0042665004730225,100,65.0,1
1748872951000000000,AAPL,XNAS,2,1,1.00333571434021,100,200.0,1
1748872951000000000,AAPL,XNAS,2,-1,1.0044734477996826,100,26.0,1
1748872952000000000,AAPL,XNAS,1,1,1.0034390687942505,100,2.0,1
1748872952000000000,AAPL,XNAS,1,-1,1.004214882850647,100,1.0,1
1748872952000000000,AAPL,XNAS,2,1,1.00333571434021,100,200.0,1
1748872952000000000,AAPL,XNAS,2,-1,1.0042665004730225,100,165.0,1
1748872953000000000,AAPL,XNAS,1,1,1.0034390687942505,100,2.0,1
1748872953000000000,AAPL,XNAS,1,-1,1.004214882850647,100,65.0,1
1748872953000000000,AAPL,XNAS,2,1,1.00333571434021,100,200.0,1
1748872953000000000,AAPL,XNAS,2,-1,1.0042665004730225,100,100.0,1
1748872954000000000,AAPL,XNAS,1,1,1.0034390687942505,100,2.0,1
1748872954000000000,AAPL,XNAS,1,-1,1.004214882850647,100,66.0,1
1748872954000000000,AAPL,XNAS,2,1,1.00333571434021,100,200.0,1
1748872954000000000,AAPL,XNAS,2,-1,1.0042665004730225,100,100.0,1
1748872958000000000,AAPL,XNAS,1,1,1.0034390687942505,100,2.0,1
1748872958000000000,AAPL,XNAS,1,-1,1.004214882850647,100,1.0,1
1748872958000000000,AAPL,XNAS,2,1,1.00333571434021,100,200.0,1
1748872958000000000,AAPL,XNAS,2,-1,1.0042665004730225,100,165.0,1
1748872959000000000,AAPL,XNAS,1,1,1.0034390687942505,100,2.0,1
1748872959000000000,AAPL,XNAS,1,-1,1.004214882850647,100,61.0,1
1748872959000000000,AAPL,XNAS,2,1,1.00333571434021,100,200.0,1
1748872959000000000,AAPL,XNAS,2,-1,1.0042665004730225,100,165.0,1
1748872960000000000,AAPL,XNAS,1,1,1.0034390687942505,100,2.0,1
1748872960000000000,AAPL,XNAS,1,-1,1.004214882850647,100,1.0,1
1748872960000000000,AAPL,XNAS,2,1,1.00333571434021,100,200.0,1
1748872960000000000,AAPL,XNAS,2,-1,1.0042665004730225,100,165.0,1
1748872961000000000,AAPL,XNAS,1,1,1.0034390687942505,100,2.0,1
1748872961000000000,AAPL,XNAS,1,-1,1.0042665004730225,100,165.0,1
1748872961000000000,AAPL,XNAS,2,1,1.00333571434021,100,200.0,1
1748872961000000000,AAPL,XNAS,2,-1,1.0046285390853882,100,100.0,1
1748872964000000000,AAPL,XNAS,1,1,1.0034390687942505,100,2.0,1
1748872964000000000,AAPL,XNAS,1,-1,1.0042665004730225,100,166.0,1
1748872964000000000,AAPL,XNAS,2,1,1.00333571434021,100,200.0,1
1748872964000000000,AAPL,XNAS,2,-1,1.0044734477996826,100,26.0,1
1748872965000000000,AAPL,XNAS,1,1,1.0034390687942505,100,2.0,1
1748872965000000000,AAPL,XNAS,1,-1,1.0042665004730225,100,165.0,1
1748872965000000000,AAPL,XNAS,2,1,1.00333571434021,100,200.0,1
1748872965000000000,AAPL,XNAS,2,-1,1.0044734477996826,100,26.0,1
1748872966000000000,AAPL,XNAS,1,1,1.0034390687942505,100,2.0,1
1748872966000000000,AAPL,XNAS,1,-1,1.0042665004730225,100,166.0,1
1748872966000000000,AAPL,XNAS,2,1,1.00333571434021,100,200.0,1
1748872966000000000,AAPL,XNAS,2,-1,1.0044734477996826,100,26.0,1
1748872967000000000,AAPL,XNAS,1,1,1.0034390687942505,100,2.0,1
1748872967000000000,AAPL,XNAS,1,-1,1.0042665004730225,100,165.0,1
1748872967000000000,AAPL,XNAS,2,1,1.00333571434021,100,200.0,1
1748872967000000000,AAPL,XNAS,2,-1,1.0044734477996826,100,26.0,1
1748872968000000000,AAPL,XNAS,1,1,1.0034390687942505,100,2.0,1
1748872968000000000,AAPL,XNAS,1,-1,1.0042665004730225,100,165.0,1
1748872968000000000,AAPL,XNAS,2,1,1.00333571434021,100,200.0,1
1748872968000000000,AAPL,XNAS,2,-1,1.004525065422058,100,26.0,1
1748872969000000000,AAPL,XNAS,1,1,1.0034390687942505,100,2.0,1
1748872969000000000,AAPL,XNAS,1,-1,1.004214882850647,100,60.0,1
1748872969000000000,AAPL,XNAS,2,1,1.0033873319625854,100,100.0,1
1748872969000000000,AAPL,XNAS,2,-1,1.0042665004730225,100,165.0,1
1748872971000000000,AAPL,XNAS,1,1,1.0034390687942505,100,2.0,1
1748872971000000000,AAPL,XNAS,1,-1,1.004214882850647,100,61.0,1
1748872971000000000,AAPL,XNAS,2,1,1.0033873319625854,100,100.0,1
1748872971000000000,AAPL,XNAS,2,-1,1.0042665004730225,100,165.0,1
1748872973000000000,AAPL,XNAS,1,1,1.0034390687942505,100,2.0,1
1748872973000000000,AAPL,XNAS,1,-1,1.004214882850647,100,1.0,1
1748872973000000000,AAPL,XNAS,2,1,1.0033873319625854,100,100.0,1
1748872973000000000,AAPL,XNAS,2,-1,1.0042665004730225,100,165.0,1
1748872974000000000,AAPL,XNAS,1,1,1.0034390687942505,100,2.0,1
1748872974000000000,AAPL,XNAS,1,-1,1.004214882850647,100,60.0,1
1748872974000000000,AAPL,XNAS,2,1,1.0033873319625854,100,100.0,1
1748872974000000000,AAPL,XNAS,2,-1,1.0042665004730225,100,165.0,1
1748872975000000000,AAPL,XNAS,1,1,1.0034390687942505,100,2.0,1
1748872975000000000,AAPL,XNAS,1,-1,1.004214882850647,100,61.0,1
1748872975000000000,AAPL,XNAS,2,1,1.0033873319625854,100,100.0,1
1748872975000000000,AAPL,XNAS,2,-1,1.0042665004730225,100,165.0,1
1748872977000000000,AAPL,XNAS,1,1,1.0034908056259155,100,100.0,1
1748872977000000000,AAPL,XNAS,1,-1,1.004214882850647,100,61.0,1
1748872977000000000,AAPL,XNAS,2,1,1.0034390687942505,100,34.0,1
1748872977000000000,AAPL,XNAS,2,-1,1.0042665004730225,100,165.0,1
1748872978000000000,AAPL,XNAS,1,1,1.0035425424575806,100,100.0,1
1748872978000000000,AAPL,XNAS,1,-1,1.0042665004730225,100,165.0,1
1748872978000000000,AAPL,XNAS,2,1,1.0034908056259155,100,100.0,1
1748872978000000000,AAPL,XNAS,2,-1,1.004525065422058,100,26.0,1
1748872981000000000,AAPL,XNAS,1,1,1.0034908056259155,100,100.0,1
1748872981000000000,AAPL,XNAS,1,-1,1.0042665004730225,100,166.0,1
1748872981000000000,AAPL,XNAS,2,1,1.0034390687942505,100,34.0,1
1748872981000000000,AAPL,XNAS,2,-1,1.004525065422058,100,26.0,1
1748872982000000000,AAPL,XNAS,1,1,1.0034908056259155,100,100.0,1
1748872982000000000,AAPL,XNAS,1,-1,1.0042665004730225,100,165.0,1
1748872982000000000,AAPL,XNAS,2,1,1.0034390687942505,100,34.0,1
1748872982000000000,AAPL,XNAS,2,-1,1.004525065422058,100,26.0,1
1748872983000000000,AAPL,XNAS,1,1,1.0035425424575806,100,100.0,1
1748872983000000000,AAPL,XNAS,1,-1,1.0042665004730225,100,165.0,1
1748872983000000000,AAPL,XNAS,2,1,1.0034908056259155,100,100.0,1
1748872983000000000,AAPL,XNAS,2,-1,1.004525065422058,100,26.0,1
1748872985000000000,AAPL,XNAS,1,1,1.0035425424575806,100,100.0,1
1748872985000000000,AAPL,XNAS,1,-1,1.004214882850647,100,60.0,1
1748872985000000000,AAPL,XNAS,2,1,1.0034908056259155,100,100.0,1
1748872985000000000,AAPL,XNAS,2,-1,1.0042665004730225,100,166.0,1
1748872986000000000,AAPL,XNAS,1,1,1.0035425424575806,100,100.0,1
1748872986000000000,AAPL,XNAS,1,-1,1.004214882850647,100,60.0,1
1748872986000000000,AAPL,XNAS,2,1,1.0034908056259155,100,100.0,1
1748872986000000000,AAPL,XNAS,2,-1,1.0042665004730225,100,165.0,1
1748872987000000000,AAPL,XNAS,1,1,1.003645896911621,100,300.0,2
1748872987000000000,AAPL,XNAS,1,-1,1.0046285390853882,100,60.0,1
1748872987000000000,AAPL,XNAS,2,1,1.0035942792892456,100,200.0,1
1748872987000000000,AAPL,XNAS,2,-1,1.0046802759170532,100,105.0,1
1748872988000000000,AAPL,XNAS,1,1,1.0038011074066162,100,100.0,1
1748872988000000000,AAPL,XNAS,1,-1,1.0046285390853882,100,60.0,1
1748872988000000000,AAPL,XNAS,2,1,1.0034390687942505,100,2.0,1
1748872988000000000,AAPL,XNAS,2,-1,1.0046802759170532,100,5.0,1
1748872989000000000,AAPL,XNAS,1,1,1.0038528442382812,100,100.0,1
1748872989000000000,AAPL,XNAS,1,-1,1.0046285390853882,100,103.0,1
1748872989000000000,AAPL,XNAS,2,1,1.0034390687942505,100,2.0,1
1748872989000000000,AAPL,XNAS,2,-1,1.0047320127487183,100,100.0,1
1748872990000000000,AAPL,XNAS,1,1,1.0035425424575806,100,100.0,1
1748872990000000000,AAPL,XNAS,1,-1,1.0045768022537231,100,1.0,1
1748872990000000000,AAPL,XNAS,2,1,1.0034390687942505,100,2.0,1
1748872990000000000,AAPL,XNAS,2,-1,1.0046285390853882,100,127.0,1
1748872991000000000,AAPL,XNAS,1,1,1.0035942792892456,100,100.0,1
1748872991000000000,AAPL,XNAS,1,-1,1.0045768022537231,100,101.0,1
1748872991000000000,AAPL,XNAS,2,1,1.0034390687942505,100,2.0,1
1748872991000000000,AAPL,XNAS,2,-1,1.0046285390853882,100,126.0,1
1748872992000000000,AAPL,XNAS,1,1,1.0035942792892456,100,100.0,1
1748872992000000000,AAPL,XNAS,1,-1,1.004525065422058,100,103.0,1
1748872992000000000,AAPL,XNAS,2,1,1.0034390687942505,100,2.0,1
1748872992000000000,AAPL,XNAS,2,-1,1.0045768022537231,100,101.0,1
1748872993000000000,AAPL,XNAS,1,1,1.0035942792892456,100,100.0,1
1748872993000000000,AAPL,XNAS,1,-1,1.004525065422058,100,104.0,1
1748872993000000000,AAPL,XNAS,2,1,1.0034390687942505,100,2.0,1
1748872993000000000,AAPL,XNAS,2,-1,1.0045768022537231,100,100.0,1
1748872994000000000,AAPL,XNAS,1,1,1.0035942792892456,100,100.0,1
1748872994000000000,AAPL,XNAS,1,-1,1.004525065422058,100,103.0,1
1748872994000000000,AAPL,XNAS,2,1,1.0034390687942505,100,2.0,1
1748872994000000000,AAPL,XNAS,2,-1,1.0045768022537231,100,100.0,1
1748872995000000000,AAPL,XNAS,1,1,1.0035942792892456,100,100.0,1
1748872995000000000,AAPL,XNAS,1,-1,1.004525065422058,100,104.0,1
1748872995000000000,AAPL,XNAS,2,1,1.0034390687942505,100,2.0,1
1748872995000000000,AAPL,XNAS,2,-1,1.0045768022537231,100,100.0,1
1748872996000000000,AAPL,XNAS,1,1,1.0035425424575806,100,100.0,1
1748872996000000000,AAPL,XNAS,1,-1,1.0044734477996826,100,102.0,1
1748872996000000000,AAPL,XNAS,2,1,1.0034390687942505,100,2.0,1
1748872996000000000,AAPL,XNAS,2,-1,1.004525065422058,100,101.0,1
1748872997000000000,AAPL,XNAS,1,1,1.0035942792892456,100,100.0,1
1748872997000000000,AAPL,XNAS,1,-1,1.0044734477996826,100,102.0,1
1748872997000000000,AAPL,XNAS,2,1,1.0035425424575806,100,102.0,1
1748872997000000000,AAPL,XNAS,2,-1,1.004525065422058,100,100.0,1
1748872998000000000,AAPL,XNAS,1,1,1.0035425424575806,100,102.0,1
1748872998000000000,AAPL,XNAS,1,-1,1.0044734477996826,100,103.0,1
1748872998000000000,AAPL,XNAS,2,1,1.0034390687942505,100,2.0,1
1748872998000000000,AAPL,XNAS,2,-1,1.004525065422058,100,100.0,1
1748872999000000000,AAPL,XNAS,1,1,1.0035425424575806,100,100.0,1
1748872999000000000,AAPL,XNAS,1,-1,1.0044734477996826,100,103.0,1
1748872999000000000,AAPL,XNAS,2,1,1.0034390687942505,100,2.0,1
1748872999000000000,AAPL,XNAS,2,-1,1.004525065422058,100,100.0,1
1748873000000000000,AAPL,XNAS,1,1,1.0035425424575806,100,100.0,1
1748873000000000000,AAPL,XNAS,1,-1,1.0044734477996826,100,103.0,1
1748873000000000000,AAPL,XNAS,2,1,1.00333571434021,100,100.0,1
1748873000000000000,AAPL,XNAS,2,-1,1.004525065422058,100,100.0,1
1748873001000000000,AAPL,XNAS,1,1,1.0035425424575806,100,100.0,1
1748873001000000000,AAPL,XNAS,1,-1,1.0044734477996826,100,102.0,1
1748873001000000000,AAPL,XNAS,2,1,1.00333571434021,100,100.0,1
1748873001000000000,AAPL,XNAS,2,-1,1.004525065422058,100,100.0,1
1748873003000000000,AAPL,XNAS,1,1,1.0035425424575806,100,100.0,1
1748873003000000000,AAPL,XNAS,1,-1,1.0044734477996826,100,2.0,1
1748873003000000000,AAPL,XNAS,2,1,1.00333571434021,100,100.0,1
1748873003000000000,AAPL,XNAS,2,-1,1.004525065422058,100,100.0,1
1748873004000000000,AAPL,XNAS,1,1,1.0035425424575806,100,100.0,1
1748873004000000000,AAPL,XNAS,1,-1,1.0044217109680176,100,100.0,1
1748873004000000000,AAPL,XNAS,2,1,1.00333571434021,100,100.0,1
1748873004000000000,AAPL,XNAS,2,-1,1.0044734477996826,100,2.0,1
1748873005000000000,AAPL,XNAS,1,1,1.0035425424575806,100,100.0,1
1748873005000000000,AAPL,XNAS,1,-1,1.0044217109680176,100,101.0,1
1748873005000000000,AAPL,XNAS,2,1,1.00333571434021,100,100.0,1
1748873005000000000,AAPL,XNAS,2,-1,1.0044734477996826,100,2.0,1
1748873006000000000,AAPL,XNAS,1,1,1.0035425424575806,100,100.0,1
1748873006000000000,AAPL,XNAS,1,-1,1.0044217109680176,100,103.0,1
1748873006000000000,AAPL,XNAS,2,1,1.00333571434021,100,100.0,1
1748873006000000000,AAPL,XNAS,2,-1,1.004525065422058,100,100.0,1
1748873007000000000,AAPL,XNAS,1,1,1.00333571434021,100,100.0,1
1748873007000000000,AAPL,XNAS,1,-1,1.004163146018982,100,2.0,1
1748873007000000000,AAPL,XNAS,2,1,1.0032322406768799,100,1.0,1
1748873007000000000,AAPL,XNAS,2,-1,1.0043182373046875,100,200.0,1
1748873009000000000,AAPL,XNAS,1,1,1.00333571434021,100,100.0,1
1748873009000000000,AAPL,XNAS,1,-1,1.004111409187317,100,103.0,1
1748873009000000000,AAPL,XNAS,2,1,1.0032322406768799,100,1.0,1
1748873009000000000,AAPL,XNAS,2,-1,1.0043182373046875,100,100.0,1
1748873011000000000,AAPL,XNAS,1,1,1.00333571434021,100,100.0,1
1748873011000000000,AAPL,XNAS,1,-1,1.004111409187317,100,3.0,1
1748873011000000000,AAPL,XNAS,2,1,1.003283977508545,100,28.0,1
1748873011000000000,AAPL,XNAS,2,-1,1.0043699741363525,100,4.0,1
1748873012000000000,AAPL,XNAS,1,1,1.00333571434021,100,100.0,1
1748873012000000000,AAPL,XNAS,1,-1,1.004111409187317,100,27.0,1
1748873012000000000,AAPL,XNAS,2,1,1.003283977508545,100,28.0,1
1748873012000000000,AAPL,XNAS,2,-1,1.0043699741363525,100,4.0,1
1748873013000000000,AAPL,XNAS,1,1,1.00333571434021,100,100.0,1
1748873013000000000,AAPL,XNAS,1,-1,1.004111409187317,100,27.0,1
1748873013000000000,AAPL,XNAS,2,1,1.0032322406768799,100,1.0,1
1748873013000000000,AAPL,XNAS,2,-1,1.0043699741363525,100,4.0,1
1748873015000000000,AAPL,XNAS,1,1,1.00333571434021,100,100.0,1
1748873015000000000,AAPL,XNAS,1,-1,1.004111409187317,100,27.0,1
1748873015000000000,AAPL,XNAS,2,1,1.0032322406768799,100,29.0,1
1748873015000000000,AAPL,XNAS,2,-1,1.0043699741363525,100,4.0,1
1748873016000000000,AAPL,XNAS,1,1,1.00333571434021,100,100.0,1
1748873016000000000,AAPL,XNAS,1,-1,1.004111409187317,100,27.0,1
1748873016000000000,AAPL,XNAS,2,1,1.0032322406768799,100,1.0,1
1748873016000000000,AAPL,XNAS,2,-1,1.0043182373046875,100,2.0,1
1748873018000000000,AAPL,XNAS,1,1,1.0040079355239868,100,10.0,1
1748873018000000000,AAPL,XNAS,1,-1,1.0048353672027588,100,194.0,1
1748873018000000000,AAPL,XNAS,2,1,1.0033873319625854,100,200.0,1
1748873018000000000,AAPL,XNAS,2,-1,1.005042314529419,101,46.0,1
1748873019000000000,AAPL,XNAS,1,1,1.0033873319625854,100,100.0,1
1748873019000000000,AAPL,XNAS,1,-1,1.0047837495803833,100,79.0,1
1748873019000000000,AAPL,XNAS,2,1,1.00333571434021,100,276.0,2
1748873019000000000,AAPL,XNAS,2,-1,1.0048353672027588,100,194.0,1
1748873021000000000,AAPL,XNAS,1,1,1.0033873319625854,100,102.0,1
1748873021000000000,AAPL,XNAS,1,-1,1.0047837495803833,100,79.0,1
1748873021000000000,AAPL,XNAS,2,1,1.00333571434021,100,276.0,2
1748873021000000000,AAPL,XNAS,2,-1,1.0048353672027588,100,194.0,1
1748873022000000000,AAPL,XNAS,1,1,1.0033873319625854,100,102.0,1
1748873022000000000,AAPL,XNAS,1,-1,1.0047837495803833,100,155.0,1
1748873022000000000,AAPL,XNAS,2,1,1.00333571434021,100,276.0,2
1748873022000000000,AAPL,XNAS,2,-1,1.0048353672027588,100,194.0,1
1748873023000000000,AAPL,XNAS,1,1,1.0034908056259155,100,100.0,1
1748873023000000000,AAPL,XNAS,1,-1,1.0047837495803833,100,56.0,1
1748873023000000000,AAPL,XNAS,2,1,1.0034390687942505,100,101.0,1
1748873023000000000,AAPL,XNAS,2,-1,1.0048353672027588,100,194.0,1
1748873024000000000,AAPL,XNAS,1,1,1.0034908056259155,100,407.0,3
1748873024000000000,AAPL,XNAS,1,-1,1.0047837495803833,100,55.0,1
1748873024000000000,AAPL,XNAS,2,1,1.0034390687942505,100,1.0,1
1748873024000000000,AAPL,XNAS,2,-1,1.0048353672027588,100,194.0,1
1748873025000000000,AAPL,XNAS,1,1,1.0035942792892456,100,300.0,2
1748873025000000000,AAPL,XNAS,1,-1,1.0047837495803833,100,55.0,1
1748873025000000000,AAPL,XNAS,2,1,1.0035425424575806,100,3.0,1
1748873025000000000,AAPL,XNAS,2,-1,1.0048353672027588,100,194.0,1
1748873026000000000,AAPL,XNAS,1,1,1.0035942792892456,100,402.0,3
1748873026000000000,AAPL,XNAS,1,-1,1.0047837495803833,100,55.0,1
1748873026000000000,AAPL,XNAS,2,1,1.0035425424575806,100,3.0,1
1748873026000000000,AAPL,XNAS,2,-1,1.0048353672027588,100,194.0,1
1748873027000000000,AAPL,XNAS,1,1,1.0036976337432861,100,406.0,3
1748873027000000000,AAPL,XNAS,1,-1,1.0047837495803833,100,80.0,1
1748873027000000000,AAPL,XNAS,2,1,1.003645896911621,100,6.0,1
1748873027000000000,AAPL,XNAS,2,-1,1.0048353672027588,100,194.0,1
1748873028000000000,AAPL,XNAS,1,1,1.0038011074066162,100,100.0,1
1748873028000000000,AAPL,XNAS,1,-1,1.0047837495803833,100,80.0,1
1748873028000000000,AAPL,XNAS,2,1,1.0037493705749512,100,105.0,1
1748873028000000000,AAPL,XNAS,2,-1,1.0048353672027588,100,194.0,1
1748873030000000000,AAPL,XNAS,1,1,1.0038528442382812,100,1.0,1
1748873030000000000,AAPL,XNAS,1,-1,1.0047837495803833,100,80.0,1
1748873030000000000,AAPL,XNAS,2,1,1.0036976337432861,100,100.0,1
1748873030000000000,AAPL,XNAS,2,-1,1.0048353672027588,100,194.0,1
1748873031000000000,AAPL,XNAS,1,1,1.0038011074066162,100,100.0,1
1748873031000000000,AAPL,XNAS,1,-1,1.0047837495803833,100,81.0,1
1748873031000000000,AAPL,XNAS,2,1,1.00333571434021,100,176.0,1
1748873031000000000,AAPL,XNAS,2,-1,1.0048353672027588,100,194.0,1
1748873032000000000,AAPL,XNAS,1,1,1.0038011074066162,100,100.0,1
1748873032000000000,AAPL,XNAS,1,-1,1.0047837495803833,100,80.0,1
1748873032000000000,AAPL,XNAS,2,1,1.00333571434021,100,176.0,1
1748873032000000000,AAPL,XNAS,2,-1,1.0048353672027588,100,194.0,1
1748873033000000000,AAPL,XNAS,1,1,1.0038528442382812,100,101.0,1
1748873033000000000,AAPL,XNAS,1,-1,1.0047837495803833,100,80.0,1
1748873033000000000,AAPL,XNAS,2,1,1.0038011074066162,100,100.0,1
1748873033000000000,AAPL,XNAS,2,-1,1.0048353672027588,100,194.0,1
1748873034000000000,AAPL,XNAS,1,1,1.0038528442382812,100,201.0,1
1748873034000000000,AAPL,XNAS,1,-1,1.0047837495803833,100,80.0,1
1748873034000000000,AAPL,XNAS,2,1,1.00333571434021,100,176.0,1
1748873034000000000,AAPL,XNAS,2,-1,1.0048353672027588,100,194.0,1
1748873035000000000,AAPL,XNAS,1,1,1.0038528442382812,100,102.0,1
1748873035000000000,AAPL,XNAS,1,-1,1.0047837495803833,100,80.0,1
1748873035000000000,AAPL,XNAS,2,1,1.00333571434021,100,176.0,1
1748873035000000000,AAPL,XNAS,2,-1,1.0048353672027588,100,194.0,1
1748873037000000000,AAPL,XNAS,1,1,1.0039045810699463,100,100.0,1
1748873037000000000,AAPL,XNAS,1,-1,1.0047837495803833,100,80.0,1
1748873037000000000,AAPL,XNAS,2,1,1.0038528442382812,100,2.0,1
1748873037000000000,AAPL,XNAS,2,-1,1.0048353672027588,100,194.0,1
1748873039000000000,AAPL,XNAS,1,1,1.0039045810699463,100,100.0,1
1748873039000000000,AAPL,XNAS,1,-1,1.0047837495803833,100,80.0,1
1748873039000000000,AAPL,XNAS,2,1,1.00333571434021,100,176.0,1
1748873039000000000,AAPL,XNAS,2,-1,1.0048353672027588,100,194.0,1
1748873048000000000,AAPL,XNAS,1,1,1.0039045810699463,100,100.0,1
1748873048000000000,AAPL,XNAS,1,-1,1.0047837495803833,100,81.0,1
1748873048000000000,AAPL,XNAS,2,1,1.00333571434021,100,176.0,1
1748873048000000000,AAPL,XNAS,2,-1,1.0048353672027588,100,194.0,1
1748873053000000000,AAPL,XNAS,1,1,1.0039045810699463,100,100.0,1
1748873053000000000,AAPL,XNAS,1,-1,1.0047837495803833,100,82.0,1
1748873053000000000,AAPL,XNAS,2,1,1.00333571434021,100,100.0,1
1748873053000000000,AAPL,XNAS,2,-1,1.0048353672027588,100,194.0,1
1748873054000000000,AAPL,XNAS,1,1,1.00333571434021,100,100.0,1
1748873054000000000,AAPL,XNAS,1,-1,1.004111409187317,100,31.0,1
1748873054000000000,AAPL,XNAS,2,1,1.0032322406768799,100,1.0,1
1748873054000000000,AAPL,XNAS,2,-1,1.0043699741363525,100,21.0,1
1748873055000000000,AAPL,XNAS,1,1,1.00333571434021,100,100.0,1
1748873055000000000,AAPL,XNAS,1,-1,1.004111409187317,100,31.0,1
1748873055000000000,AAPL,XNAS,2,1,1.0032322406768799,100,1.0,1
1748873055000000000,AAPL,XNAS,2,-1,1.0043699741363525,100,22.0,1
1748873056000000000,AAPL,XNAS,1,1,1.00333571434021,100,100.0,1
1748873056000000000,AAPL,XNAS,1,-1,1.004111409187317,100,131.0,1
1748873056000000000,AAPL,XNAS,2,1,1.0032322406768799,100,1.0,1
1748873056000000000,AAPL,XNAS,2,-1,1.0043182373046875,100,1.0,1
1748873057000000000,AAPL,XNAS,1,1,1.0033873319625854,100,100.0,1
1748873057000000000,AAPL,XNAS,1,-1,1.004111409187317,100,1.0,1
1748873057000000000,AAPL,XNAS,2,1,1.00333571434021,100,100.0,1
1748873057000000000,AAPL,XNAS,2,-1,1.0046285390853882,100,28.0,1
1748873058000000000,AAPL,XNAS,1,1,1.0033873319625854,100,100.0,1
1748873058000000000,AAPL,XNAS,1,-1,1.004111409187317,100,1.0,1
1748873058000000000,AAPL,XNAS,2,1,1.00333571434021,100,100.0,1
1748873058000000000,AAPL,XNAS,2,-1,1.0044734477996826,100,1.0,1
1748873059000000000,AAPL,XNAS,1,1,1.0033873319625854,100,100.0,1
1748873059000000000,AAPL,XNAS,1,-1,1.004111409187317,100,1.0,1
1748873059000000000,AAPL,XNAS,2,1,1.00333571434021,100,100.0,1
1748873059000000000,AAPL,XNAS,2,-1,1.0043699741363525,100,1.0,1
1748873060000000000,AAPL,XNAS,1,1,1.0033873319625854,100,100.0,1
1748873060000000000,AAPL,XNAS,1,-1,1.004111409187317,100,1.0,1
1748873060000000000,AAPL,XNAS,2,1,1.00333571434021,100,100.0,1
1748873060000000000,AAPL,XNAS,2,-1,1.0043699741363525,100,2.0,1
1748873063000000000,AAPL,XNAS,1,1,1.00333571434021,100,100.0,1
1748873063000000000,AAPL,XNAS,1,-1,1.004111409187317,100,1.0,1
1748873063000000000,AAPL,XNAS,2,1,1.0032322406768799,100,1.0,1
1748873063000000000,AAPL,XNAS,2,-1,1.0043699741363525,100,101.0,1
1748873064000000000,AAPL,XNAS,1,1,1.0033873319625854,100,1.0,1
1748873064000000000,AAPL,XNAS,1,-1,1.004111409187317,100,1.0,1
1748873064000000000,AAPL,XNAS,2,1,1.00333571434021,100,100.0,1
1748873064000000000,AAPL,XNAS,2,-1,1.0043182373046875,100,1.0,1
1748873065000000000,AAPL,XNAS,1,1,1.0033873319625854,100,1.0,1
1748873065000000000,AAPL,XNAS,1,-1,1.0043699741363525,100,108.0,1
1748873065000000000,AAPL,XNAS,2,1,1.00333571434021,100,100.0,1
1748873065000000000,AAPL,XNAS,2,-1,1.0046285390853882,100,28.0,1
1748873069000000000,AAPL,XNAS,1,1,1.0033873319625854,100,100.0,1
1748873069000000000,AAPL,XNAS,1,-1,1.0043699741363525,100,108.0,1
1748873069000000000,AAPL,XNAS,2,1,1.00333571434021,100,100.0,1
1748873069000000000,AAPL,XNAS,2,-1,1.0046285390853882,100,28.0,1
1748873078000000000,AAPL,XNAS,1,1,1.0033873319625854,100,100.0,1
1748873078000000000,AAPL,XNAS,1,-1,1.0046285390853882,100,100.0,1
1748873078000000000,AAPL,XNAS,2,1,1.00333571434021,100,100.0,1
1748873078000000000,AAPL,XNAS,2,-1,1.0047320127487183,100,103.0,1
1748873082000000000,AAPL,XNAS,1,1,1.0034908056259155,100,100.0,1
1748873082000000000,AAPL,XNAS,1,-1,1.0047320127487183,100,128.0,1
1748873082000000000,AAPL,XNAS,2,1,1.0034390687942505,100,1.0,1
1748873082000000000,AAPL,XNAS,2,-1,1.0048353672027588,100,194.0,1
1748873083000000000,AAPL,XNAS,1,1,1.0035425424575806,100,9.0,1
1748873083000000000,AAPL,XNAS,1,-1,1.0047320127487183,100,203.0,1
1748873083000000000,AAPL,XNAS,2,1,1.0034390687942505,100,1.0,1
1748873083000000000,AAPL,XNAS,2,-1,1.0048353672027588,100,194.0,1
1748873087000000000,AAPL,XNAS,1,1,1.0034390687942505,100,1.0,1
1748873087000000000,AAPL,XNAS,1,-1,1.0047320127487183,100,203.0,1
1748873087000000000,AAPL,XNAS,2,1,1.00333571434021,100,100.0,1
1748873087000000000,AAPL,XNAS,2,-1,1.0048353672027588,100,194.0,1
1748873088000000000,AAPL,XNAS,1,1,1.0035425424575806,100,3.0,1
1748873088000000000,AAPL,XNAS,1,-1,1.0047320127487183,100,228.0,1
1748873088000000000,AAPL,XNAS,2,1,1.0034390687942505,100,1.0,1
1748873088000000000,AAPL,XNAS,2,-1,1.0048353672027588,100,194.0,1
1748873090000000000,AAPL,XNAS,1,1,1.0035425424575806,100,3.0,1
1748873090000000000,AAPL,XNAS,1,-1,1.0047320127487183,100,227.0,1
1748873090000000000,AAPL,XNAS,2,1,1.0034390687942505,100,1.0,1
1748873090000000000,AAPL,XNAS,2,-1,1.0048353672027588,100,194.0,1
1748873093000000000,AAPL,XNAS,1,1,1.0035425424575806,100,4.0,1
1748873093000000000,AAPL,XNAS,1,-1,1.0047320127487183,100,227.0,1
1748873093000000000,AAPL,XNAS,2,1,1.0034390687942505,100,1.0,1
1748873093000000000,AAPL,XNAS,2,-1,1.0048353672027588,100,194.0,1
1748873095000000000,AAPL,XNAS,1,1,1.0035425424575806,100,7.0,1
1748873095000000000,AAPL,XNAS,1,-1,1.0047320127487183,100,227.0,1
1748873095000000000,AAPL,XNAS,2,1,1.0034390687942505,100,1.0,1
1748873095000000000,AAPL,XNAS,2,-1,1.0048353672027588,100,194.0,1
1748873096000000000,AAPL,XNAS,1,1,1.0035425424575806,100,7.0,1
1748873096000000000,AAPL,XNAS,1,-1,1.0047320127487183,100,225.0,1
1748873096000000000,AAPL,XNAS,2,1,1.0034390687942505,100,1.0,1
1748873096000000000,AAPL,XNAS,2,-1,1.0048353672027588,100,194.0,1
1748873098000000000,AAPL,XNAS,1,1,1.0035425424575806,100,6.0,1
1748873098000000000,AAPL,XNAS,1,-1,1.0047320127487183,100,225.0,1
1748873098000000000,AAPL,XNAS,2,1,1.0034390687942505,100,1.0,1
1748873098000000000,AAPL,XNAS,2,-1,1.0048353672027588,100,194.0,1
1748873101000000000,AAPL,XNAS,1,1,1.0035942792892456,100,100.0,1
1748873101000000000,AAPL,XNAS,1,-1,1.0047320127487183,100,225.0,1
1748873101000000000,AAPL,XNAS,2,1,1.0035425424575806,100,8.0,1
1748873101000000000,AAPL,XNAS,2,-1,1.0048353672027588,100,194.0,1
1748873103000000000,AAPL,XNAS,1,1,1.0036976337432861,100,100.0,1
1748873103000000000,AAPL,XNAS,1,-1,1.0047320127487183,100,225.0,1
1748873103000000000,AAPL,XNAS,2,1,1.003645896911621,100,4.0,1
1748873103000000000,AAPL,XNAS,2,-1,1.0048353672027588,100,194.0,1
1748873104000000000,AAPL,XNAS,1,1,1.0036976337432861,100,1.0,1
1748873104000000000,AAPL,XNAS,1,-1,1.0047320127487183,100,200.0,1
1748873104000000000,AAPL,XNAS,2,1,1.003645896911621,100,4.0,1
1748873104000000000,AAPL,XNAS,2,-1,1.0048353672027588,100,194.0,1
1748873105000000000,AAPL,XNAS,1,1,1.0036976337432861,100,1.0,1
1748873105000000000,AAPL,XNAS,1,-1,1.0047320127487183,100,200.0,1
1748873105000000000,AAPL,XNAS,2,1,1.0034390687942505,100,1.0,1
1748873105000000000,AAPL,XNAS,2,-1,1.0048353672027588,100,194.0,1
1748873106000000000,AAPL,XNAS,1,1,1.0034908056259155,100,100.0,1
1748873106000000000,AAPL,XNAS,1,-1,1.0047320127487183,100,225.0,1
1748873106000000000,AAPL,XNAS,2,1,1.0034390687942505,100,1.0,1
1748873106000000000,AAPL,XNAS,2,-1,1.0048353672027588,100,194.0,1
1748873108000000000,AAPL,XNAS,1,1,1.0036976337432861,100,2.0,1
1748873108000000000,AAPL,XNAS,1,-1,1.0046802759170532,100,26.0,1
1748873108000000000,AAPL,XNAS,2,1,1.0034390687942505,100,1.0,1
1748873108000000000,AAPL,XNAS,2,-1,1.0047320127487183,100,100.0,1
1748873109000000000,AAPL,XNAS,1,1,1.0036976337432861,100,2.0,1
1748873109000000000,AAPL,XNAS,1,-1,1.0046802759170532,100,26.0,1
1748873109000000000,AAPL,XNAS,2,1,1.00333571434021,100,300.0,2
1748873109000000000,AAPL,XNAS,2,-1,1.0047320127487183,100,100.0,1
1748873110000000000,AAPL,XNAS,1,1,1.0033873319625854,100,100.0,1
1748873110000000000,AAPL,XNAS,1,-1,1.0046802759170532,100,81.0,1
1748873110000000000,AAPL,XNAS,2,1,1.00333571434021,100,100.0,1
1748873110000000000,AAPL,XNAS,2,-1,1.0047320127487183,100,100.0,1
1748873111000000000,AAPL,XNAS,1,1,1.0033873319625854,100,100.0,1
1748873111000000000,AAPL,XNAS,1,-1,1.0046802759170532,100,82.0,1
1748873111000000000,AAPL,XNAS,2,1,1.00333571434021,100,100.0,1
1748873111000000000,AAPL,XNAS,2,-1,1.0047320127487183,100,100.0,1
1748873112000000000,AAPL,XNAS,1,1,1.0033873319625854,100,200.0,1
1748873112000000000,AAPL,XNAS,1,-1,1.0046802759170532,100,1.0,1
1748873112000000000,AAPL,XNAS,2,1,1.00333571434021,100,200.0,1
1748873112000000000,AAPL,XNAS,2,-1,1.0047320127487183,100,100.0,1
1748873113000000000,AAPL,XNAS,1,1,1.0033873319625854,100,200.0,1
1748873113000000000,AAPL,XNAS,1,-1,1.0047320127487183,100,103.0,1
1748873113000000000,AAPL,XNAS,2,1,1.00333571434021,100,200.0,1
1748873113000000000,AAPL,XNAS,2,-1,1.0048353672027588,100,194.0,1
1748873114000000000,AAPL,XNAS,1,1,1.0033873319625854,100,200.0,1
1748873114000000000,AAPL,XNAS,1,-1,1.0047320127487183,100,103.0,1
1748873114000000000,AAPL,XNAS,2,1,1.00333571434021,100,100.0,1
1748873114000000000,AAPL,XNAS,2,-1,1.0048353672027588,100,194.0,1
1748873116000000000,AAPL,XNAS,1,1,1.0033873319625854,100,100.0,1
1748873116000000000,AAPL,XNAS,1,-1,1.0047320127487183,100,103.0,1
1748873116000000000,AAPL,XNAS,2,1,1.00333571434021,100,100.0,1
1748873116000000000,AAPL,XNAS,2,-1,1.0048353672027588,100,194.0,1
1748873122000000000,AAPL,XNAS,1,1,1.0033873319625854,100,100.0,1
1748873122000000000,AAPL,XNAS,1,-1,1.0046802759170532,100,1.0,1
1748873122000000000,AAPL,XNAS,2,1,1.00333571434021,100,100.0,1
1748873122000000000,AAPL,XNAS,2,-1,1.0047320127487183,100,103.0,1
1748873123000000000,AAPL,XNAS,1,1,1.0037493705749512,100,2.0,1
1748873123000000000,AAPL,XNAS,1,-1,1.0046802759170532,100,101.0,1
1748873123000000000,AAPL,XNAS,2,1,1.00333571434021,100,100.0,1
1748873123000000000,AAPL,XNAS,2,-1,1.0047320127487183,100,103.0,1
1748873129000000000,AAPL,XNAS,1,1,1.0037493705749512,100,2.0,1
1748873129000000000,AAPL,XNAS,1,-1,1.0046802759170532,100,201.0,1
1748873129000000000,AAPL,XNAS,2,1,1.00333571434021,100,100.0,1
1748873129000000000,AAPL,XNAS,2,-1,1.0047320127487183,100,103.0,1
1748873131000000000,AAPL,XNAS,1,1,1.0034390687942505,100,201.0,1
1748873131000000000,AAPL,XNAS,1,-1,1.0046802759170532,100,198.0,1
1748873131000000000,AAPL,XNAS,2,1,1.0033873319625854,100,100.0,1
1748873131000000000,AAPL,XNAS,2,-1,1.0047320127487183,100,103.0,1
1748873136000000000,AAPL,XNAS,1,1,1.0034390687942505,100,201.0,1
1748873136000000000,AAPL,XNAS,1,-1,1.0046802759170532,100,198.0,1
1748873136000000000,AAPL,XNAS,2,1,1.00333571434021,100,100.0,1
1748873136000000000,AAPL,XNAS,2,-1,1.0047320127487183,100,103.0,1
1748873138000000000,AAPL,XNAS,1,1,1.0034390687942505,100,201.0,1
1748873138000000000,AAPL,XNAS,1,-1,1.0046802759170532,100,198.0,1
1748873138000000000,AAPL,XNAS,2,1,1.00333571434021,100,100.0,1
1748873138000000000,AAPL,XNAS,2,-1,1.0047320127487183,100,103.0,1
1748873140000000000,AAPL,XNAS,1,1,1.0034390687942505,100,1.0,1
1748873140000000000,AAPL,XNAS,1,-1,1.0046802759170532,100,198.0,1
1748873140000000000,AAPL,XNAS,2,1,1.00333571434021,100,100.0,1
1748873140000000000,AAPL,XNAS,2,-1,1.0047320127487183,100,103.0,1
1748873145000000000,AAPL,XNAS,1,1,1.0037493705749512,100,2.0,1
1748873145000000000,AAPL,XNAS,1,-1,1.0046802759170532,100,198.0,1
1748873145000000000,AAPL,XNAS,2,1,1.0034390687942505,100,1.0,1
1748873145000000000,AAPL,XNAS,2,-1,1.0047320127487183,100,103.0,1
1748873148000000000,AAPL,XNAS,1,1,1.0037493705749512,100,3.0,1
1748873148000000000,AAPL,XNAS,1,-1,1.0046802759170532,100,198.0,1
1748873148000000000,AAPL,XNAS,2,1,1.0034390687942505,100,1.0,1
1748873148000000000,AAPL,XNAS,2,-1,1.0047320127487183,100,103.0,1
1748873150000000000,AAPL,XNAS,1,1,1.0037493705749512,100,2.0,1
1748873150000000000,AAPL,XNAS,1,-1,1.0046802759170532,100,198.0,1
1748873150000000000,AAPL,XNAS,2,1,1.0034390687942505,100,1.0,1
1748873150000000000,AAPL,XNAS,2,-1,1.0047320127487183,100,103.0,1
1748873153000000000,AAPL,XNAS,1,1,1.0037493705749512,100,3.0,1
1748873153000000000,AAPL,XNAS,1,-1,1.0046802759170532,100,198.0,1
1748873153000000000,AAPL,XNAS,2,1,1.0034390687942505,100,1.0,1
1748873153000000000,AAPL,XNAS,2,-1,1.0047320127487183,100,103.0,1
1748873156000000000,AAPL,XNAS,1,1,1.0037493705749512,100,2.0,1
1748873156000000000,AAPL,XNAS,1,-1,1.0046802759170532,100,198.0,1
1748873156000000000,AAPL,XNAS,2,1,1.0034390687942505,100,1.0,1
1748873156000000000,AAPL,XNAS,2,-1,1.0047320127487183,100,103.0,1
1748873163000000000,AAPL,XNAS,1,1,1.0037493705749512,100,3.0,1
1748873163000000000,AAPL,XNAS,1,-1,1.0046802759170532,100,198.0,1
1748873163000000000,AAPL,XNAS,2,1,1.0034390687942505,100,1.0,1
1748873163000000000,AAPL,XNAS,2,-1,1.0047320127487183,100,103.0,1
1748873165000000000,AAPL,XNAS,1,1,1.0037493705749512,100,2.0,1
1748873165000000000,AAPL,XNAS,1,-1,1.0046802759170532,100,198.0,1
1748873165000000000,AAPL,XNAS,2,1,1.0034390687942505,100,1.0,1
1748873165000000000,AAPL,XNAS,2,-1,1.0047320127487183,100,103.0,1
1748873166000000000,AAPL,XNAS,1,1,1.0039561986923218,100,10.0,1
1748873166000000000,AAPL,XNAS,1,-1,1.0046802759170532,100,152.0,1
1748873166000000000,AAPL,XNAS,2,1,1.0037493705749512,100,2.0,1
1748873166000000000,AAPL,XNAS,2,-1,1.0047320127487183,100,103.0,1
1748873167000000000,AAPL,XNAS,1,1,1.0039561986923218,100,10.0,1
1748873167000000000,AAPL,XNAS,1,-1,1.0046802759170532,100,125.0,1
1748873167000000000,AAPL,XNAS,2,1,1.0037493705749512,100,2.0,1
1748873167000000000,AAPL,XNAS,2,-1,1.0047320127487183,100,103.0,1
1748873174000000000,AAPL,XNAS,1,1,1.0039561986923218,100,10.0,1
1748873174000000000,AAPL,XNAS,1,-1,1.0046802759170532,100,25.0,1
1748873174000000000,AAPL,XNAS,2,1,1.0037493705749512,100,2.0,1
1748873174000000000,AAPL,XNAS,2,-1,1.0047320127487183,100,103.0,1
1748873178000000000,AAPL,XNAS,1,1,1.0039561986923218,100,10.0,1
1748873178000000000,AAPL,XNAS,1,-1,1.0046802759170532,100,81.0,1
1748873178000000000,AAPL,XNAS,2,1,1.0037493705749512,100,2.0,1
1748873178000000000,AAPL,XNAS,2,-1,1.0047320127487183,100,103.0,1
1748873180000000000,AAPL,XNAS,1,1,1.0040596723556519,100,100.0,1
1748873180000000000,AAPL,XNAS,1,-1,1.0044217109680176,100,1.0,1
1748873180000000000,AAPL,XNAS,2,1,1.0034390687942505,100,3.0,1
1748873180000000000,AAPL,XNAS,2,-1,1.0046802759170532,100,27.0,1
1748873182000000000,AAPL,XNAS,1,1,1.0040596723556519,100,101.0,1
1748873182000000000,AAPL,XNAS,1,-1,1.0044217109680176,100,1.0,1
1748873182000000000,AAPL,XNAS,2,1,1.0034390687942505,100,3.0,1
1748873182000000000,AAPL,XNAS,2,-1,1.0046802759170532,100,127.0,1
1748873185000000000,AAPL,XNAS,1,1,1.0040596723556519,100,101.0,1
1748873185000000000,AAPL,XNAS,1,-1,1.0044217109680176,100,1.0,1
1748873185000000000,AAPL,XNAS,2,1,1.0035425424575806,100,100.0,1
1748873185000000000,AAPL,XNAS,2,-1,1.0046802759170532,100,127.0,1
1748873186000000000,AAPL,XNAS,1,1,1.0040596723556519,100,101.0,1
1748873186000000000,AAPL,XNAS,1,-1,1.0044217109680176,100,1.0,1
1748873186000000000,AAPL,XNAS,2,1,1.0035425424575806,100,200.0,1
1748873186000000000,AAPL,XNAS,2,-1,1.0046802759170532,100,227.0,1
1748873188000000000,AAPL,XNAS,1,1,1.0040596723556519,100,100.0,1
1748873188000000000,AAPL,XNAS,1,-1,1.0044217109680176,100,1.0,1
1748873188000000000,AAPL,XNAS,2,1,1.0035425424575806,100,200.0,1
1748873188000000000,AAPL,XNAS,2,-1,1.0046802759170532,100,227.0,1
1748873189000000000,AAPL,XNAS,1,1,1.004214882850647,100,100.0,1
1748873189000000000,AAPL,XNAS,1,-1,1.0046802759170532,100,125.0,1
1748873189000000000,AAPL,XNAS,2,1,1.0035425424575806,100,200.0,1
1748873189000000000,AAPL,XNAS,2,-1,1.0047320127487183,100,2.0,1
1748873191000000000,AAPL,XNAS,1,1,1.004214882850647,100,100.0,1
1748873191000000000,AAPL,XNAS,1,-1,1.0046802759170532,100,125.0,1
1748873191000000000,AAPL,XNAS,2,1,1.0038528442382812,100,29.0,1
1748873191000000000,AAPL,XNAS,2,-1,1.0047320127487183,100,2.0,1
1748873194000000000,AAPL,XNAS,1,1,1.004214882850647,100,100.0,1
1748873194000000000,AAPL,XNAS,1,-1,1.0046802759170532,100,100.0,1
1748873194000000000,AAPL,XNAS,2,1,1.0038528442382812,100,29.0,1
1748873194000000000,AAPL,XNAS,2,-1,1.0047320127487183,100,2.0,1
1748873198000000000,AAPL,XNAS,1,1,1.0035942792892456,100,100.0,1
1748873198000000000,AAPL,XNAS,1,-1,1.004214882850647,100,3.0,1
1748873198000000000,AAPL,XNAS,2,1,1.0035425424575806,100,200.0,1
1748873198000000000,AAPL,XNAS,2,-1,1.0043699741363525,100,10.0,1
1748873199000000000,AAPL,XNAS,1,1,1.0034390687942505,100,1.0,1
1748873199000000000,AAPL,XNAS,1,-1,1.0043699741363525,100,10.0,1
1748873199000000000,AAPL,XNAS,2,1,1.00333571434021,100,100.0,1
1748873199000000000,AAPL,XNAS,2,-1,1.0045768022537231,100,9.0,1
1748873200000000000,AAPL,XNAS,1,1,1.0034390687942505,100,1.0,1
1748873200000000000,AAPL,XNAS,1,-1,1.0043699741363525,100,10.0,1
1748873200000000000,AAPL,XNAS,2,1,1.00333571434021,100,100.0,1
1748873200000000000,AAPL,XNAS,2,-1,1.004525065422058,100,3.0,1
1748873201000000000,AAPL,XNAS,1,1,1.0034908056259155,100,100.0,1
1748873201000000000,AAPL,XNAS,1,-1,1.0043699741363525,100,13.0,1
1748873201000000000,AAPL,XNAS,2,1,1.0034390687942505,100,1.0,1
1748873201000000000,AAPL,XNAS,2,-1,1.004525065422058,100,3.0,1
1748873202000000000,AAPL,XNAS,1,1,1.0034390687942505,100,1.0,1
1748873202000000000,AAPL,XNAS,1,-1,1.004525065422058,100,28.0,1
1748873202000000000,AAPL,XNAS,2,1,1.00333571434021,100,100.0,1
1748873202000000000,AAPL,XNAS,2,-1,1.0045768022537231,100,6.0,1
1748873203000000000,AAPL,XNAS,1,1,1.0034390687942505,100,3.0,1
1748873203000000000,AAPL,XNAS,1,-1,1.004525065422058,100,3.0,1
1748873203000000000,AAPL,XNAS,2,1,1.00333571434021,100,100.0,1
1748873203000000000,AAPL,XNAS,2,-1,1.0045768022537231,100,6.0,1
1748873204000000000,AAPL,XNAS,1,1,1.0034390687942505,100,3.0,1
1748873204000000000,AAPL,XNAS,1,-1,1.0043699741363525,100,3.0,1
1748873204000000000,AAPL,XNAS,2,1,1.00333571434021,100,100.0,1
1748873204000000000,AAPL,XNAS,2,-1,1.004525065422058,100,3.0,1
1748873206000000000,AAPL,XNAS,1,1,1.0034390687942505,100,1.0,1
1748873206000000000,AAPL,XNAS,1,-1,1.0043699741363525,100,3.0,1
1748873206000000000,AAPL,XNAS,2,1,1.00333571434021,100,100.0,1
1748873206000000000,AAPL,XNAS,2,-1,1.004525065422058,100,3.0,1
1748873210000000000,AAPL,XNAS,1,1,1.00333571434021,100,100.0,1
1748873210000000000,AAPL,XNAS,1,-1,1.0043699741363525,100,3.0,1
1748873210000000000,AAPL,XNAS,2,1,1.0032322406768799,100,1.0,1
1748873210000000000,AAPL,XNAS,2,-1,1.004525065422058,100,3.0,1
1748873211000000000,AAPL,XNAS,1,1,1.00333571434021,100,100.0,1
1748873211000000000,AAPL,XNAS,1,-1,1.0043699741363525,100,3.0,1
1748873211000000000,AAPL,XNAS,2,1,1.0032322406768799,100,1.0,1
1748873211000000000,AAPL,XNAS,2,-1,1.004525065422058,100,3.0,1
1748873216000000000,AAPL,XNAS,1,1,1.00333571434021,100,100.0,1
1748873216000000000,AAPL,XNAS,1,-1,1.0043699741363525,100,4.0,1
1748873216000000000,AAPL,XNAS,2,1,1.0032322406768799,100,1.0,1
1748873216000000000,AAPL,XNAS,2,-1,1.004525065422058,100,3.0,1
1748873225000000000,AAPL,XNAS,1,1,1.00333571434021,100,200.0,1
1748873225000000000,AAPL,XNAS,1,-1,1.0043182373046875,100,30.0,1
1748873225000000000,AAPL,XNAS,2,1,1.0032322406768799,100,1.0,1
1748873225000000000,AAPL,XNAS,2,-1,1.0043699741363525,100,169.0,1
1748873226000000000,AAPL,XNAS,1,1,1.00333571434021,100,200.0,1
1748873226000000000,AAPL,XNAS,1,-1,1.0038528442382812,100,2.0,1
1748873226000000000,AAPL,XNAS,2,1,1.0032322406768799,100,1.0,1
1748873226000000000,AAPL,XNAS,2,-1,1.0043182373046875,100,31.0,1
1748873227000000000,AAPL,XNAS,1,1,1.00333571434021,100,200.0,1
1748873227000000000,AAPL,XNAS,1,-1,1.0038528442382812,100,2.0,1
1748873227000000000,AAPL,XNAS,2,1,1.0032322406768799,100,1.0,1
1748873227000000000,AAPL,XNAS,2,-1,1.0043182373046875,100,11.0,1
1748873228000000000,AAPL,XNAS,1,1,1.00333571434021,100,201.0,1
1748873228000000000,AAPL,XNAS,1,-1,1.0038528442382812,100,2.0,1
1748873228000000000,AAPL,XNAS,2,1,1.0032322406768799,100,1.0,1
1748873228000000000,AAPL,XNAS,2,-1,1.0043182373046875,100,12.0,1
1748873230000000000,AAPL,XNAS,1,1,1.00333571434021,100,201.0,1
1748873230000000000,AAPL,XNAS,1,-1,1.0042665004730225,100,28.0,1
1748873230000000000,AAPL,XNAS,2,1,1.0032322406768799,100,1.0,1
1748873230000000000,AAPL,XNAS,2,-1,1.0043182373046875,100,2.0,1
1748873231000000000,AAPL,XNAS,1,1,1.0033873319625854,100,200.0,1
1748873231000000000,AAPL,XNAS,1,-1,1.0042665004730225,100,94.0,1
1748873231000000000,AAPL,XNAS,2,1,1.00333571434021,100,100.0,1
1748873231000000000,AAPL,XNAS,2,-1,1.0043699741363525,100,15.0,1
1748873233000000000,AAPL,XNAS,1,1,1.0034390687942505,100,100.0,1
1748873233000000000,AAPL,XNAS,1,-1,1.0042665004730225,100,94.0,1
1748873233000000000,AAPL,XNAS,2,1,1.0033873319625854,100,100.0,1
1748873233000000000,AAPL,XNAS,2,-1,1.0046802759170532,100,129.0,1
1748873234000000000,AAPL,XNAS,1,1,1.0034908056259155,100,100.0,1
1748873234000000000,AAPL,XNAS,1,-1,1.0042665004730225,100,94.0,1
1748873234000000000,AAPL,XNAS,2,1,1.0034390687942505,100,100.0,1
1748873234000000000,AAPL,XNAS,2,-1,1.0046802759170532,100,129.0,1
1748873235000000000,AAPL,XNAS,1,1,1.0034908056259155,100,100.0,1
1748873235000000000,AAPL,XNAS,1,-1,1.0042665004730225,100,28.0,1
1748873235000000000,AAPL,XNAS,2,1,1.0034390687942505,100,100.0,1
1748873235000000000,AAPL,XNAS,2,-1,1.0046802759170532,100,129.0,1
1748873237000000000,AAPL,XNAS,1,1,1.0035425424575806,100,100.0,1
1748873237000000000,AAPL,XNAS,1,-1,1.0042665004730225,100,90.0,1
1748873237000000000,AAPL,XNAS,2,1,1.0034908056259155,100,100.0,1
1748873237000000000,AAPL,XNAS,2,-1,1.0046285390853882,100,100.0,1
1748873238000000000,AAPL,XNAS,1,1,1.0035425424575806,100,100.0,1
1748873238000000000,AAPL,XNAS,1,-1,1.0042665004730225,100,66.0,1
1748873238000000000,AAPL,XNAS,2,1,1.0034908056259155,100,100.0,1
1748873238000000000,AAPL,XNAS,2,-1,1.0046285390853882,100,100.0,1
1748873240000000000,AAPL,XNAS,1,1,1.0035942792892456,100,100.0,1
1748873240000000000,AAPL,XNAS,1,-1,1.0042665004730225,100,66.0,1
1748873240000000000,AAPL,XNAS,2,1,1.0035425424575806,100,100.0,1
1748873240000000000,AAPL,XNAS,2,-1,1.0046285390853882,100,100.0,1
1748873241000000000,AAPL,XNAS,1,1,1.0035425424575806,100,100.0,1
1748873241000000000,AAPL,XNAS,1,-1,1.0042665004730225,100,91.0,1
1748873241000000000,AAPL,XNAS,2,1,1.00333571434021,100,100.0,1
1748873241000000000,AAPL,XNAS,2,-1,1.0046285390853882,100,100.0,1
1748873242000000000,AAPL,XNAS,1,1,1.0035425424575806,100,100.0,1
1748873242000000000,AAPL,XNAS,1,-1,1.0042665004730225,100,66.0,1
1748873242000000000,AAPL,XNAS,2,1,1.00333571434021,100,100.0,1
1748873242000000000,AAPL,XNAS,2,-1,1.0046285390853882,100,100.0,1
1748873243000000000,AAPL,XNAS,1,1,1.0035942792892456,100,100.0,1
1748873243000000000,AAPL,XNAS,1,-1,1.0042665004730225,100,65.0,1
1748873243000000000,AAPL,XNAS,2,1,1.0035425424575806,100,100.0,1
1748873243000000000,AAPL,XNAS,2,-1,1.0046802759170532,100,129.0,1
1748873244000000000,AAPL,XNAS,1,1,1.0035425424575806,100,100.0,1
1748873244000000000,AAPL,XNAS,1,-1,1.0042665004730225,100,90.0,1
1748873244000000000,AAPL,XNAS,2,1,1.00333571434021,100,100.0,1
1748873244000000000,AAPL,XNAS,2,-1,1.0045768022537231,100,1.0,1
1748873245000000000,AAPL,XNAS,1,1,1.003645896911621,100,100.0,1
1748873245000000000,AAPL,XNAS,1,-1,1.0042665004730225,100,65.0,1
1748873245000000000,AAPL,XNAS,2,1,1.0035942792892456,100,100.0,1
1748873245000000000,AAPL,XNAS,2,-1,1.0046802759170532,100,129.0,1
1748873246000000000,AAPL,XNAS,1,1,1.0035942792892456,100,100.0,1
1748873246000000000,AAPL,XNAS,1,-1,1.0042665004730225,100,90.0,1
1748873246000000000,AAPL,XNAS,2,1,1.00333571434021,100,100.0,1
1748873246000000000,AAPL,XNAS,2,-1,1.0043699741363525,100,1.0,1
1748873247000000000,AAPL,XNAS,1,1,1.0035942792892456,100,100.0,1
1748873247000000000,AAPL,XNAS,1,-1,1.0042665004730225,100,90.0,1
1748873247000000000,AAPL,XNAS,2,1,1.00333571434021,100,100.0,1
1748873247000000000,AAPL,XNAS,2,-1,1.004525065422058,100,1.0,1
1748873248000000000,AAPL,XNAS,1,1,1.0037493705749512,100,2.0,1
1748873248000000000,AAPL,XNAS,1,-1,1.0042665004730225,100,3.0,1
1748873248000000000,AAPL,XNAS,2,1,1.003645896911621,100,2.0,1
1748873248000000000,AAPL,XNAS,2,-1,1.0043182373046875,100,100.0,1
1748873249000000000,AAPL,XNAS,1,1,1.0037493705749512,100,2.0,1
1748873249000000000,AAPL,XNAS,1,-1,1.0042665004730225,100,1.0,1
1748873249000000000,AAPL,XNAS,2,1,1.003645896911621,100,2.0,1
1748873249000000000,AAPL,XNAS,2,-1,1.0043182373046875,100,200.0,1
1748873264000000000,AAPL,XNAS,1,1,1.003645896911621,100,2.0,1
1748873264000000000,AAPL,XNAS,1,-1,1.0040079355239868,100,10.0,1
1748873264000000000,AAPL,XNAS,2,1,1.0035942792892456,100,100.0,1
1748873264000000000,AAPL,XNAS,2,-1,1.0042665004730225,100,1.0,1
1748873265000000000,AAPL,XNAS,1,1,1.0035942792892456,100,100.0,1
1748873265000000000,AAPL,XNAS,1,-1,1.0040079355239868,100,1.0,1
1748873265000000000,AAPL,XNAS,2,1,1.00333571434021,100,100.0,1
1748873265000000000,AAPL,XNAS,2,-1,1.0042665004730225,100,102.0,1
1748873266000000000,AAPL,XNAS,1,1,1.0035942792892456,100,100.0,1
1748873266000000000,AAPL,XNAS,1,-1,1.0042665004730225,100,202.0,1
1748873266000000000,AAPL,XNAS,2,1,1.00333571434021,100,100.0,1
1748873266000000000,AAPL,XNAS,2,-1,1.0046285390853882,100,1.0,1
1748873267000000000,AAPL,XNAS,1,1,1.0035942792892456,100,100.0,1
1748873267000000000,AAPL,XNAS,1,-1,1.0042665004730225,100,203.0,1
1748873267000000000,AAPL,XNAS,2,1,1.00333571434021,100,100.0,1
1748873267000000000,AAPL,XNAS,2,-1,1.0046285390853882,100,1.0,1
1748873270000000000,AAPL,XNAS,1,1,1.0030770301818848,100,203.0,1
1748873270000000000,AAPL,XNAS,1,-1,1.003645896911621,100,101.0,1
1748873270000000000,AAPL,XNAS,2,1,1.002456545829773,100,29.0,1
1748873270000000000,AAPL,XNAS,2,-1,1.0039045810699463,100,100.0,1
1748873271000000000,AAPL,XNAS,1,1,1.0031287670135498,100,28.0,1
1748873271000000000,AAPL,XNAS,1,-1,1.0040596723556519,100,100.0,1
1748873271000000000,AAPL,XNAS,2,1,1.0030770301818848,100,200.0,1
1748873271000000000,AAPL,XNAS,2,-1,1.004163146018982,100,100.0,1
1748873272000000000,AAPL,XNAS,1,1,1.0030770301818848,100,200.0,1
1748873272000000000,AAPL,XNAS,1,-1,1.0040079355239868,100,102.0,1
1748873272000000000,AAPL,XNAS,2,1,1.002456545829773,100,29.0,1
1748873272000000000,AAPL,XNAS,2,-1,1.0040596723556519,100,200.0,1
1748873273000000000,AAPL,XNAS,1,1,1.0030770301818848,100,200.0,1
1748873273000000000,AAPL,XNAS,1,-1,1.0040079355239868,100,130.0,1
1748873273000000000,AAPL,XNAS,2,1,1.002456545829773,100,29.0,1
1748873273000000000,AAPL,XNAS,2,-1,1.0040596723556519,100,200.0,1
1748873274000000000,AAPL,XNAS,1,1,1.0027668476104736,100,100.0,1
1748873274000000000,AAPL,XNAS,1,-1,1.0039045810699463,100,2.0,1
1748873274000000000,AAPL,XNAS,2,1,1.0027151107788086,100,100.0,1
1748873274000000000,AAPL,XNAS,2,-1,1.0040079355239868,100,130.0,1
1748873275000000000,AAPL,XNAS,1,1,1.0030770301818848,100,28.0,1
1748873275000000000,AAPL,XNAS,1,-1,1.0039045810699463,100,2.0,1
1748873275000000000,AAPL,XNAS,2,1,1.0026116371154785,100,302.0,2
1748873275000000000,AAPL,XNAS,2,-1,1.0040079355239868,100,2.0,1
1748873277000000000,AAPL,XNAS,1,1,1.0031287670135498,100,2.0,1
1748873277000000000,AAPL,XNAS,1,-1,1.0039045810699463,100,2.0,1
1748873277000000000,AAPL,XNAS,2,1,1.0030770301818848,100,28.0,1
1748873277000000000,AAPL,XNAS,2,-1,1.0040079355239868,100,2.0,1
1748873278000000000,AAPL,XNAS,1,1,1.0030770301818848,100,28.0,1
1748873278000000000,AAPL,XNAS,1,-1,1.0039045810699463,100,3.0,1
1748873278000000000,AAPL,XNAS,2,1,1.0026116371154785,100,302.0,2
1748873278000000000,AAPL,XNAS,2,-1,1.0040079355239868,100,2.0,1
1748873279000000000,AAPL,XNAS,1,1,1.0030770301818848,100,28.0,1
1748873279000000000,AAPL,XNAS,1,-1,1.0039045810699463,100,2.0,1
1748873279000000000,AAPL,XNAS,2,1,1.0026116371154785,100,302.0,2
1748873279000000000,AAPL,XNAS,2,-1,1.0040079355239868,100,2.0,1
1748873288000000000,AAPL,XNAS,1,1,1.0032322406768799,100,100.0,1
1748873288000000000,AAPL,XNAS,1,-1,1.0040079355239868,100,2.0,1
1748873288000000000,AAPL,XNAS,2,1,1.0031805038452148,100,26.0,1
1748873288000000000,AAPL,XNAS,2,-1,1.0040596723556519,100,2.0,1
1748873289000000000,AAPL,XNAS,1,1,1.0031287670135498,100,100.0,1
1748873289000000000,AAPL,XNAS,1,-1,1.0040079355239868,100,2.0,1
1748873289000000000,AAPL,XNAS,2,1,1.0030770301818848,100,28.0,1
1748873289000000000,AAPL,XNAS,2,-1,1.0040596723556519,100,2.0,1
1748873295000000000,AAPL,XNAS,1,1,1.0030770301818848,100,28.0,1
1748873295000000000,AAPL,XNAS,1,-1,1.0040079355239868,100,2.0,1
1748873295000000000,AAPL,XNAS,2,1,1.0026116371154785,100,302.0,2
1748873295000000000,AAPL,XNAS,2,-1,1.0040596723556519,100,2.0,1
1748873296000000000,AAPL,XNAS,1,1,1.0031287670135498,100,126.0,1
1748873296000000000,AAPL,XNAS,1,-1,1.0040079355239868,100,2.0,1
1748873296000000000,AAPL,XNAS,2,1,1.0030770301818848,100,28.0,1
1748873296000000000,AAPL,XNAS,2,-1,1.0040596723556519,100,2.0,1
1748873298000000000,AAPL,XNAS,1,1,1.0031287670135498,100,134.0,1
1748873298000000000,AAPL,XNAS,1,-1,1.0040079355239868,100,2.0,1
1748873298000000000,AAPL,XNAS,2,1,1.0030770301818848,100,28.0,1
1748873298000000000,AAPL,XNAS,2,-1,1.0040596723556519,100,2.0,1
1748873303000000000,AAPL,XNAS,1,1,1.0031287670135498,100,235.0,1
1748873303000000000,AAPL,XNAS,1,-1,1.0040079355239868,100,2.0,1
1748873303000000000,AAPL,XNAS,2,1,1.0030770301818848,100,28.0,1
1748873303000000000,AAPL,XNAS,2,-1,1.0040596723556519,100,2.0,1
1748873311000000000,AAPL,XNAS,1,1,1.0031287670135498,100,235.0,1
1748873311000000000,AAPL,XNAS,1,-1,1.0040079355239868,100,27.0,1
1748873311000000000,AAPL,XNAS,2,1,1.0030770301818848,100,28.0,1
1748873311000000000,AAPL,XNAS,2,-1,1.0040596723556519,100,2.0,1
1748873313000000000,AAPL,XNAS,1,1,1.0031287670135498,100,238.0,1
1748873313000000000,AAPL,XNAS,1,-1,1.0040079355239868,100,27.0,1
1748873313000000000,AAPL,XNAS,2,1,1.0030770301818848,100,28.0,1
1748873313000000000,AAPL,XNAS,2,-1,1.0040596723556519,100,2.0,1
1748873314000000000,AAPL,XNAS,1,1,1.0035425424575806,100,3.0,1
1748873314000000000,AAPL,XNAS,1,-1,1.0044217109680176,100,15.0,1
1748873314000000000,AAPL,XNAS,2,1,1.0031287670135498,100,238.0,1
1748873314000000000,AAPL,XNAS,2,-1,1.004525065422058,100,200.0,1
1748873315000000000,AAPL,XNAS,1,1,1.0035425424575806,100,7.0,1
1748873315000000000,AAPL,XNAS,1,-1,1.0044217109680176,100,17.0,1
1748873315000000000,AAPL,XNAS,2,1,1.0031287670135498,100,201.0,1
1748873315000000000,AAPL,XNAS,2,-1,1.004525065422058,100,100.0,1
1748873316000000000,AAPL,XNAS,1,1,1.0035425424575806,100,7.0,1
1748873316000000000,AAPL,XNAS,1,-1,1.0044217109680176,100,16.0,1
1748873316000000000,AAPL,XNAS,2,1,1.0031287670135498,100,200.0,1
1748873316000000000,AAPL,XNAS,2,-1,1.0046802759170532,100,129.0,1
1748873318000000000,AAPL,XNAS,1,1,1.0035425424575806,100,8.0,1
1748873318000000000,AAPL,XNAS,1,-1,1.0044217109680176,100,19.0,1
1748873318000000000,AAPL,XNAS,2,1,1.0031287670135498,100,200.0,1
1748873318000000000,AAPL,XNAS,2,-1,1.0046802759170532,100,129.0,1
1748873319000000000,AAPL,XNAS,1,1,1.0035425424575806,100,8.0,1
1748873319000000000,AAPL,XNAS,1,-1,1.0044217109680176,100,119.0,1
1748873319000000000,AAPL,XNAS,2,1,1.0031805038452148,100,2.0,1
1748873319000000000,AAPL,XNAS,2,-1,1.0046802759170532,100,129.0,1
1748873320000000000,AAPL,XNAS,1,1,1.0035425424575806,100,8.0,1
1748873320000000000,AAPL,XNAS,1,-1,1.0044217109680176,100,120.0,1
1748873320000000000,AAPL,XNAS,2,1,1.0031805038452148,100,2.0,1
1748873320000000000,AAPL,XNAS,2,-1,1.0046802759170532,100,129.0,1
1748873321000000000,AAPL,XNAS,1,1,1.0035425424575806,100,12.0,1
1748873321000000000,AAPL,XNAS,1,-1,1.0040079355239868,100,1.0,1
1748873321000000000,AAPL,XNAS,2,1,1.0031805038452148,100,2.0,1
1748873321000000000,AAPL,XNAS,2,-1,1.0044217109680176,100,119.0,1
1748873322000000000,AAPL,XNAS,1,1,1.0035425424575806,100,8.0,1
1748873322000000000,AAPL,XNAS,1,-1,1.0040079355239868,100,1.0,1
1748873322000000000,AAPL,XNAS,2,1,1.0031805038452148,100,2.0,1
1748873322000000000,AAPL,XNAS,2,-1,1.0044217109680176,100,118.0,1
1748873323000000000,AAPL,XNAS,1,1,1.0035425424575806,100,11.0,1
1748873323000000000,AAPL,XNAS,1,-1,1.0044217109680176,100,118.0,1
1748873323000000000,AAPL,XNAS,2,1,1.0031805038452148,100,2.0,1
1748873323000000000,AAPL,XNAS,2,-1,1.0046802759170532,100,129.0,1
1748873324000000000,AAPL,XNAS,1,1,1.0035425424575806,100,11.0,1
1748873324000000000,AAPL,XNAS,1,-1,1.0044217109680176,100,119.0,1
1748873324000000000,AAPL,XNAS,2,1,1.0031805038452148,100,2.0,1
1748873324000000000,AAPL,XNAS,2,-1,1.0046802759170532,100,129.0,1
1748873325000000000,AAPL,XNAS,1,1,1.0035425424575806,100,4.0,1
1748873325000000000,AAPL,XNAS,1,-1,1.0044217109680176,100,119.0,1
1748873325000000000,AAPL,XNAS,2,1,1.0031805038452148,100,2.0,1
1748873325000000000,AAPL,XNAS,2,-1,1.0046802759170532,100,129.0,1
1748873326000000000,AAPL,XNAS,1,1,1.0035425424575806,100,4.0,1
1748873326000000000,AAPL,XNAS,1,-1,1.0044217109680176,100,119.0,1
1748873326000000000,AAPL,XNAS,2,1,1.0031805038452148,100,102.0,1
1748873326000000000,AAPL,XNAS,2,-1,1.0046802759170532,100,129.0,1
1748873328000000000,AAPL,XNAS,1,1,1.0035425424575806,100,8.0,1
1748873328000000000,AAPL,XNAS,1,-1,1.0044217109680176,100,119.0,1
1748873328000000000,AAPL,XNAS,2,1,1.0031805038452148,100,102.0,1
1748873328000000000,AAPL,XNAS,2,-1,1.0046802759170532,100,129.0,1
1748873331000000000,AAPL,XNAS,1,1,1.0035425424575806,100,10.0,1
1748873331000000000,AAPL,XNAS,1,-1,1.0044217109680176,100,119.0,1
1748873331000000000,AAPL,XNAS,2,1,1.0031805038452148,100,102.0,1
1748873331000000000,AAPL,XNAS,2,-1,1.0046802759170532,100,129.0,1
1748873332000000000,AAPL,XNAS,1,1,1.0035425424575806,100,10.0,1
1748873332000000000,AAPL,XNAS,1,-1,1.0044217109680176,100,119.0,1
1748873332000000000,AAPL,XNAS,2,1,1.0031805038452148,100,2.0,1
1748873332000000000,AAPL,XNAS,2,-1,1.0046802759170532,100,129.0,1
1748873334000000000,AAPL,XNAS,1,1,1.0035425424575806,100,112.0,1
1748873334000000000,AAPL,XNAS,1,-1,1.0044217109680176,100,144.0,1
1748873334000000000,AAPL,XNAS,2,1,1.0031805038452148,100,2.0,1
1748873334000000000,AAPL,XNAS,2,-1,1.0046802759170532,100,129.0,1
1748873335000000000,AAPL,XNAS,1,1,1.0035425424575806,100,110.0,1
1748873335000000000,AAPL,XNAS,1,-1,1.0044217109680176,100,143.0,1
1748873335000000000,AAPL,XNAS,2,1,1.0031805038452148,100,2.0,1
1748873335000000000,AAPL,XNAS,2,-1,1.0046802759170532,100,129.0,1
1748873338000000000,AAPL,XNAS,1,1,1.0035425424575806,100,8.0,1
1748873338000000000,AAPL,XNAS,1,-1,1.0044217109680176,100,118.0,1
1748873338000000000,AAPL,XNAS,2,1,1.0031805038452148,100,2.0,1
1748873338000000000,AAPL,XNAS,2,-1,1.0046802759170532,100,129.0,1
1748873339000000000,AAPL,XNAS,1,1,1.0035425424575806,100,8.0,1
1748873339000000000,AAPL,XNAS,1,-1,1.0044217109680176,100,144.0,1
1748873339000000000,AAPL,XNAS,2,1,1.0031805038452148,100,2.0,1
1748873339000000000,AAPL,XNAS,2,-1,1.0046802759170532,100,129.0,1
1748873340000000000,AAPL,XNAS,1,1,1.0031287670135498,100,2.0,1
1748873340000000000,AAPL,XNAS,1,-1,1.0040079355239868,100,21.0,1
1748873340000000000,AAPL,XNAS,2,1,1.0030254125595093,100,100.0,1
1748873340000000000,AAPL,XNAS,2,-1,1.0040596723556519,100,27.0,1
1748873341000000000,AAPL,XNAS,1,1,1.0031287670135498,100,2.0,1
1748873341000000000,AAPL,XNAS,1,-1,1.0040079355239868,100,104.0,1
1748873341000000000,AAPL,XNAS,2,1,1.0030254125595093,100,100.0,1
1748873341000000000,AAPL,XNAS,2,-1,1.0040596723556519,100,30.0,1
1748873342000000000,AAPL,XNAS,1,1,1.0031287670135498,100,2.0,1
1748873342000000000,AAPL,XNAS,1,-1,1.0040079355239868,100,204.0,1
1748873342000000000,AAPL,XNAS,2,1,1.0030254125595093,100,100.0,1
1748873342000000000,AAPL,XNAS,2,-1,1.0040596723556519,100,30.0,1
1748873345000000000,AAPL,XNAS,1,1,1.0031287670135498,100,7.0,1
1748873345000000000,AAPL,XNAS,1,-1,1.0035425424575806,100,2.0,1
1748873345000000000,AAPL,XNAS,2,1,1.0027668476104736,100,1.0,1
1748873345000000000,AAPL,XNAS,2,-1,1.0040079355239868,100,202.0,1
1748873346000000000,AAPL,XNAS,1,1,1.0031287670135498,100,7.0,1
1748873346000000000,AAPL,XNAS,1,-1,1.0035425424575806,100,2.0,1
1748873346000000000,AAPL,XNAS,2,1,1.0027668476104736,100,1.0,1
1748873346000000000,AAPL,XNAS,2,-1,1.0040079355239868,100,201.0,1
1748873348000000000,AAPL,XNAS,1,1,1.0031287670135498,100,2.0,1
1748873348000000000,AAPL,XNAS,1,-1,1.0035425424575806,100,2.0,1
1748873348000000000,AAPL,XNAS,2,1,1.0027668476104736,100,1.0,1
1748873348000000000,AAPL,XNAS,2,-1,1.0040079355239868,100,201.0,1
1748873349000000000,AAPL,XNAS,1,1,1.0027668476104736,100,1.0,1
1748873349000000000,AAPL,XNAS,1,-1,1.00333571434021,100,100.0,1
1748873349000000000,AAPL,XNAS,2,1,1.0026633739471436,100,1.0,1
1748873349000000000,AAPL,XNAS,2,-1,1.0034390687942505,100,27.0,1
1748873350000000000,AAPL,XNAS,1,1,1.0026633739471436,100,1.0,1
1748873350000000000,AAPL,XNAS,1,-1,1.0031805038452148,100,94.0,1
1748873350000000000,AAPL,XNAS,2,1,1.0025599002838135,100,100.0,1
1748873350000000000,AAPL,XNAS,2,-1,1.00333571434021,100,101.0,1
1748873351000000000,AAPL,XNAS,1,1,1.0020427703857422,100,1.0,1
1748873351000000000,AAPL,XNAS,1,-1,1.0031287670135498,100,100.0,1
1748873351000000000,AAPL,XNAS,2,1,1.0019910335540771,100,1.0,1
1748873351000000000,AAPL,XNAS,2,-1,1.0031805038452148,100,103.0,1
1748873352000000000,AAPL,XNAS,1,1,1.0020427703857422,100,1.0,1
1748873352000000000,AAPL,XNAS,1,-1,1.0031287670135498,100,101.0,1
1748873352000000000,AAPL,XNAS,2,1,1.0019910335540771,100,1.0,1
1748873352000000000,AAPL,XNAS,2,-1,1.0031805038452148,100,100.0,1
1748873355000000000,AAPL,XNAS,1,1,1.0020427703857422,100,1.0,1
1748873355000000000,AAPL,XNAS,1,-1,1.0031287670135498,100,101.0,1
1748873355000000000,AAPL,XNAS,2,1,1.0019910335540771,100,1.0,1
1748873355000000000,AAPL,XNAS,2,-1,1.0031805038452148,100,100.0,1
1748873358000000000,AAPL,XNAS,1,1,1.0020427703857422,100,1.0,1
1748873358000000000,AAPL,XNAS,1,-1,1.0031287670135498,100,101.0,1
1748873358000000000,AAPL,XNAS,2,1,1.0019910335540771,100,101.0,1
1748873358000000000,AAPL,XNAS,2,-1,1.0031805038452148,100,100.0,1
1748873361000000000,AAPL,XNAS,1,1,1.0020427703857422,100,1.0,1
1748873361000000000,AAPL,XNAS,1,-1,1.0027151107788086,100,1.0,1
1748873361000000000,AAPL,XNAS,2,1,1.0019910335540771,100,101.0,1
1748873361000000000,AAPL,XNAS,2,-1,1.0031287670135498,100,101.0,1
1748873362000000000,AAPL,XNAS,1,1,1.0022495985031128,100,100.0,1
1748873362000000000,AAPL,XNAS,1,-1,1.0031287670135498,100,100.0,1
1748873362000000000,AAPL,XNAS,2,1,1.0020427703857422,100,1.0,1
1748873362000000000,AAPL,XNAS,2,-1,1.0031805038452148,100,100.0,1
1748873363000000000,AAPL,XNAS,1,1,1.0022495985031128,100,100.0,1
1748873363000000000,AAPL,XNAS,1,-1,1.0031287670135498,100,101.0,1
1748873363000000000,AAPL,XNAS,2,1,1.0020427703857422,100,1.0,1
1748873363000000000,AAPL,XNAS,2,-1,1.0031805038452148,100,196.0,1
1748873371000000000,AAPL,XNAS,1,1,1.0023013353347778,100,100.0,1
1748873371000000000,AAPL,XNAS,1,-1,1.0031287670135498,100,101.0,1
1748873371000000000,AAPL,XNAS,2,1,1.0022495985031128,100,100.0,1
1748873371000000000,AAPL,XNAS,2,-1,1.0031805038452148,100,196.0,1
1748873372000000000,AAPL,XNAS,1,1,1.0027668476104736,100,100.0,1
1748873372000000000,AAPL,XNAS,1,-1,1.003645896911621,100,101.0,1
1748873372000000000,AAPL,XNAS,2,1,1.002404808998108,100,200.0,1
1748873372000000000,AAPL,XNAS,2,-1,1.0037493705749512,100,3.0,1
1748873373000000000,AAPL,XNAS,1,1,1.0028702020645142,100,1.0,1
1748873373000000000,AAPL,XNAS,1,-1,1.003645896911621,100,1.0,1
1748873373000000000,AAPL,XNAS,2,1,1.0027668476104736,100,100.0,1
1748873373000000000,AAPL,XNAS,2,-1,1.0037493705749512,100,3.0,1
1748873374000000000,AAPL,XNAS,1,1,1.0028702020645142,100,1.0,1
1748873374000000000,AAPL,XNAS,1,-1,1.003645896911621,100,1.0,1
1748873374000000000,AAPL,XNAS,2,1,1.0027668476104736,100,100.0,1
1748873374000000000,AAPL,XNAS,2,-1,1.0037493705749512,100,103.0,1
1748873375000000000,AAPL,XNAS,1,1,1.0028702020645142,100,100.0,1
1748873375000000000,AAPL,XNAS,1,-1,1.0034390687942505,100,6.0,1
1748873375000000000,AAPL,XNAS,2,1,1.0023530721664429,100,26.0,1
1748873375000000000,AAPL,XNAS,2,-1,1.003645896911621,100,1.0,1
1748873379000000000,AAPL,XNAS,1,1,1.0028702020645142,100,100.0,1
1748873379000000000,AAPL,XNAS,1,-1,1.0034390687942505,100,6.0,1
1748873379000000000,AAPL,XNAS,2,1,1.0023530721664429,100,26.0,1
1748873379000000000,AAPL,XNAS,2,-1,1.0035942792892456,100,2.0,1
1748873381000000000,AAPL,XNAS,1,1,1.0029736757278442,100,26.0,1
1748873381000000000,AAPL,XNAS,1,-1,1.003645896911621,100,1.0,1
1748873381000000000,AAPL,XNAS,2,1,1.0028702020645142,100,100.0,1
1748873381000000000,AAPL,XNAS,2,-1,1.0037493705749512,100,3.0,1
1748873384000000000,AAPL,XNAS,1,1,1.0028702020645142,100,100.0,1
1748873384000000000,AAPL,XNAS,1,-1,1.003645896911621,100,26.0,1
1748873384000000000,AAPL,XNAS,2,1,1.0026116371154785,100,2.0,1
1748873384000000000,AAPL,XNAS,2,-1,1.0037493705749512,100,3.0,1
1748873385000000000,AAPL,XNAS,1,1,1.0031287670135498,100,100.0,1
1748873385000000000,AAPL,XNAS,1,-1,1.0037493705749512,100,3.0,1
1748873385000000000,AAPL,XNAS,2,1,1.0030254125595093,100,26.0,1
1748873385000000000,AAPL,XNAS,2,-1,1.0038011074066162,100,3.0,1
1748873386000000000,AAPL,XNAS,1,1,1.0031287670135498,100,100.0,1
1748873386000000000,AAPL,XNAS,1,-1,1.0037493705749512,100,3.0,1
1748873386000000000,AAPL,XNAS,2,1,1.0026116371154785,100,2.0,1
1748873386000000000,AAPL,XNAS,2,-1,1.0038011074066162,100,3.0,1
1748873387000000000,AAPL,XNAS,1,1,1.0031287670135498,100,100.0,1
1748873387000000000,AAPL,XNAS,1,-1,1.0037493705749512,100,3.0,1
1748873387000000000,AAPL,XNAS,2,1,1.0030254125595093,100,26.0,1
1748873387000000000,AAPL,XNAS,2,-1,1.0038011074066162,100,3.0,1
1748873388000000000,AAPL,XNAS,1,1,1.0031287670135498,100,100.0,1
1748873388000000000,AAPL,XNAS,1,-1,1.0037493705749512,100,3.0,1
1748873388000000000,AAPL,XNAS,2,1,1.0026116371154785,100,2.0,1
1748873388000000000,AAPL,XNAS,2,-1,1.0038011074066162,100,3.0,1
1748873393000000000,AAPL,XNAS,1,1,1.0031287670135498,100,100.0,1
1748873393000000000,AAPL,XNAS,1,-1,1.0037493705749512,100,3.0,1
1748873393000000000,AAPL,XNAS,2,1,1.0030254125595093,100,26.0,1
1748873393000000000,AAPL,XNAS,2,-1,1.0038011074066162,100,3.0,1
1748873400000000000,AAPL,XNAS,1,1,0.9994730353355408,100,205.0,1
1748873400000000000,AAPL,XNAS,1,-1,1.0001757144927979,100,100.0,1
1748873400000000000,AAPL,XNAS,2,1,0.9994228482246399,100,20.0,1
1748873400000000000,AAPL,XNAS,2,-1,1.0003764629364014,100,30.0,1
1748873403000000000,AAPL,XNAS,1,1,0.9994730353355408,100,200.0,1
1748873403000000000,AAPL,XNAS,1,-1,1.0001757144927979,100,100.0,1
1748873403000000000,AAPL,XNAS,2,1,0.9994228482246399,100,20.0,1
1748873403000000000,AAPL,XNAS,2,-1,1.0003764629364014,100,30.0,1
1748873413000000000,AAPL,XNAS,1,1,0.9994730353355408,100,200.0,1
1748873413000000000,AAPL,XNAS,1,-1,1.0003262758255005,100,100.0,1
1748873413000000000,AAPL,XNAS,2,1,0.9994228482246399,100,20.0,1
1748873413000000000,AAPL,XNAS,2,-1,1.0003764629364014,100,30.0,1
1748873418000000000,AAPL,XNAS,1,1,0.9994730353355408,100,200.0,1
1748873418000000000,AAPL,XNAS,1,-1,1.0000251531600952,100,100.0,1
1748873418000000000,AAPL,XNAS,2,1,0.9994228482246399,100,20.0,1
1748873418000000000,AAPL,XNAS,2,-1,1.0003764629364014,100,30.0,1
1748873428000000000,AAPL,XNAS,1,1,0.9994730353355408,100,200.0,1
1748873428000000000,AAPL,XNAS,1,-1,1.0003262758255005,100,100.0,1
1748873428000000000,AAPL,XNAS,2,1,0.9994228482246399,100,20.0,1
1748873428000000000,AAPL,XNAS,2,-1,1.0003764629364014,100,30.0,1
1748873444000000000,AAPL,XNAS,1,1,0.9994730353355408,100,200.0,1
1748873444000000000,AAPL,XNAS,1,-1,1.0003262758255005,100,111.0,1
1748873444000000000,AAPL,XNAS,2,1,0.9994228482246399,100,20.0,1
1748873444000000000,AAPL,XNAS,2,-1,1.0003764629364014,100,30.0,1
1748873451000000000,AAPL,XNAS,1,1,0.9994730353355408,100,200.0,1
1748873451000000000,AAPL,XNAS,1,-1,1.0000251531600952,100,10.0,1
1748873451000000000,AAPL,XNAS,2,1,0.9994228482246399,100,20.0,1
1748873451000000000,AAPL,XNAS,2,-1,1.0003262758255005,100,11.0,1
1748873452000000000,AAPL,XNAS,1,1,0.9994730353355408,100,100.0,1
1748873452000000000,AAPL,XNAS,1,-1,1.0000251531600952,100,10.0,1
1748873452000000000,AAPL,XNAS,2,1,0.9994228482246399,100,20.0,1
1748873452000000000,AAPL,XNAS,2,-1,1.0003262758255005,100,11.0,1
1748873462000000000,AAPL,XNAS,1,1,0.9994730353355408,100,100.0,1
1748873462000000000,AAPL,XNAS,1,-1,1.0000251531600952,100,110.0,1
1748873462000000000,AAPL,XNAS,2,1,0.9994228482246399,100,20.0,1
1748873462000000000,AAPL,XNAS,2,-1,1.0003262758255005,100,11.0,1
1748873464000000000,AAPL,XNAS,1,1,0.9994730353355408,100,100.0,1
1748873464000000000,AAPL,XNAS,1,-1,1.0000251531600952,100,110.0,1
1748873464000000000,AAPL,XNAS,2,1,0.9994228482246399,100,20.0,1
1748873464000000000,AAPL,XNAS,2,-1,1.0003262758255005,100,11.0,1
1748873465000000000,AAPL,XNAS,1,1,0.9994730353355408,100,105.0,1
1748873465000000000,AAPL,XNAS,1,-1,1.0000251531600952,100,110.0,1
1748873465000000000,AAPL,XNAS,2,1,0.9994228482246399,100,20.0,1
1748873465000000000,AAPL,XNAS,2,-1,1.0003262758255005,100,11.0,1
1748873466000000000,AAPL,XNAS,1,1,0.9997239708900452,100,1.0,1
1748873466000000000,AAPL,XNAS,1,-1,1.0000251531600952,100,110.0,1
1748873466000000000,AAPL,XNAS,2,1,0.9994730353355408,100,100.0,1
1748873466000000000,AAPL,XNAS,2,-1,1.0003262758255005,100,11.0,1
1748873475000000000,AAPL,XNAS,1,1,0.9997239708900452,100,1.0,1
1748873475000000000,AAPL,XNAS,1,-1,1.0003764629364014,100,30.0,1
1748873475000000000,AAPL,XNAS,2,1,0.9994730353355408,100,100.0,1
1748873475000000000,AAPL,XNAS,2,-1,1.000527024269104,100,150.0,1
1748873504000000000,AAPL,XNAS,1,1,0.9997239708900452,100,1.0,1
1748873504000000000,AAPL,XNAS,1,-1,1.0003764629364014,100,31.0,1
1748873504000000000,AAPL,XNAS,2,1,0.9994730353355408,100,200.0,1
1748873504000000000,AAPL,XNAS,2,-1,1.000527024269104,100,150.0,1
1748873507000000000,AAPL,XNAS,1,1,0.9997239708900452,100,1.0,1
1748873507000000000,AAPL,XNAS,1,-1,1.0003764629364014,100,31.0,1
1748873507000000000,AAPL,XNAS,2,1,0.9994730353355408,100,200.0,1
1748873507000000000,AAPL,XNAS,2,-1,1.000527024269104,100,150.0,1
1748873510000000000,AAPL,XNAS,1,1,0.9997239708900452,100,9.0,1
1748873510000000000,AAPL,XNAS,1,-1,1.0003764629364014,100,166.0,1
1748873510000000000,AAPL,XNAS,2,1,0.9994730353355408,100,100.0,1
1748873510000000000,AAPL,XNAS,2,-1,1.000527024269104,100,125.0,1
1748873511000000000,AAPL,XNAS,1,1,0.9997239708900452,100,9.0,1
1748873511000000000,AAPL,XNAS,1,-1,1.0003764629364014,100,166.0,1
1748873511000000000,AAPL,XNAS,2,1,0.9994730353355408,100,100.0,1
1748873511000000000,AAPL,XNAS,2,-1,1.000527024269104,100,125.0,1
1748873512000000000,AAPL,XNAS,1,1,0.9997239708900452,100,9.0,1
1748873512000000000,AAPL,XNAS,1,-1,1.0003764629364014,100,166.0,1
1748873512000000000,AAPL,XNAS,2,1,0.9994730353355408,100,200.0,1
1748873512000000000,AAPL,XNAS,2,-1,1.000527024269104,100,125.0,1
1748873513000000000,AAPL,XNAS,1,1,0.9997239708900452,100,9.0,1
1748873513000000000,AAPL,XNAS,1,-1,1.0003764629364014,100,166.0,1
1748873513000000000,AAPL,XNAS,2,1,0.9994730353355408,100,200.0,1
1748873513000000000,AAPL,XNAS,2,-1,1.000527024269104,100,125.0,1
1748873514000000000,AAPL,XNAS,1,1,0.9997239708900452,100,8.0,1
1748873514000000000,AAPL,XNAS,1,-1,1.0003764629364014,100,166.0,1
1748873514000000000,AAPL,XNAS,2,1,0.9994730353355408,100,200.0,1
1748873514000000000,AAPL,XNAS,2,-1,1.000527024269104,100,125.0,1
1748873516000000000,AAPL,XNAS,1,1,0.9994730353355408,100,200.0,1
1748873516000000000,AAPL,XNAS,1,-1,1.0003764629364014,100,166.0,1
1748873516000000000,AAPL,XNAS,2,1,0.9994228482246399,100,20.0,1
1748873516000000000,AAPL,XNAS,2,-1,1.000527024269104,100,125.0,1
1748873519000000000,AAPL,XNAS,1,1,0.9995734095573425,100,31.0,1
1748873519000000000,AAPL,XNAS,1,-1,1.0003764629364014,100,166.0,1
1748873519000000000,AAPL,XNAS,2,1,0.9994730353355408,100,200.0,1
1748873519000000000,AAPL,XNAS,2,-1,1.000527024269104,100,125.0,1
1748873520000000000,AAPL,XNAS,1,1,0.9995734095573425,100,31.0,1
1748873520000000000,AAPL,XNAS,1,-1,1.0003764629364014,100,166.0,1
1748873520000000000,AAPL,XNAS,2,1,0.9994730353355408,100,200.0,1
1748873520000000000,AAPL,XNAS,2,-1,1.000527024269104,100,125.0,1
1748873527000000000,AAPL,XNAS,1,1,0.9995734095573425,100,39.0,1
1748873527000000000,AAPL,XNAS,1,-1,1.0003764629364014,100,166.0,1
1748873527000000000,AAPL,XNAS,2,1,0.9994730353355408,100,200.0,1
1748873527000000000,AAPL,XNAS,2,-1,1.000527024269104,100,125.0,1
1748873531000000000,AAPL,XNAS,1,1,0.9995734095573425,100,38.0,1
1748873531000000000,AAPL,XNAS,1,-1,1.0003764629364014,100,40.0,1
1748873531000000000,AAPL,XNAS,2,1,0.9994730353355408,100,200.0,1
1748873531000000000,AAPL,XNAS,2,-1,1.000527024269104,100,150.0,1
1748873533000000000,AAPL,XNAS,1,1,0.9999247193336487,100,1.0,1
1748873533000000000,AAPL,XNAS,1,-1,1.0003764629364014,100,40.0,1
1748873533000000000,AAPL,XNAS,2,1,0.9995734095573425,100,30.0,1
1748873533000000000,AAPL,XNAS,2,-1,1.000527024269104,100,150.0,1
1748873535000000000,AAPL,XNAS,1,1,0.9999247193336487,100,9.0,1
1748873535000000000,AAPL,XNAS,1,-1,1.0003764629364014,100,40.0,1
1748873535000000000,AAPL,XNAS,2,1,0.9995734095573425,100,30.0,1
1748873535000000000,AAPL,XNAS,2,-1,1.000527024269104,100,150.0,1
1748873551000000000,AAPL,XNAS,1,1,0.9999247193336487,100,9.0,1
1748873551000000000,AAPL,XNAS,1,-1,1.0003764629364014,100,40.0,1
1748873551000000000,AAPL,XNAS,2,1,0.9996737837791443,100,6.0,1
1748873551000000000,AAPL,XNAS,2,-1,1.000527024269104,100,125.0,1
1748873552000000000,AAPL,XNAS,1,1,0.9999247193336487,100,9.0,1
1748873552000000000,AAPL,XNAS,1,-1,1.0003764629364014,100,40.0,1
1748873552000000000,AAPL,XNAS,2,1,0.9997239708900452,100,6.0,1
1748873552000000000,AAPL,XNAS,2,-1,1.000527024269104,100,125.0,1
1748873553000000000,AAPL,XNAS,1,1,0.9999247193336487,100,10.0,1
1748873553000000000,AAPL,XNAS,1,-1,1.0003764629364014,100,40.0,1
1748873553000000000,AAPL,XNAS,2,1,0.9997239708900452,100,211.0,1
1748873553000000000,AAPL,XNAS,2,-1,1.000527024269104,100,125.0,1
1748873554000000000,AAPL,XNAS,1,1,0.9999247193336487,100,9.0,1
1748873554000000000,AAPL,XNAS,1,-1,1.0003764629364014,100,40.0,1
1748873554000000000,AAPL,XNAS,2,1,0.9997239708900452,100,106.0,1
1748873554000000000,AAPL,XNAS,2,-1,1.000527024269104,100,125.0,1
1748873556000000000,AAPL,XNAS,1,1,0.9999247193336487,100,9.0,1
1748873556000000000,AAPL,XNAS,1,-1,1.0003764629364014,100,40.0,1
1748873556000000000,AAPL,XNAS,2,1,0.9997239708900452,100,206.0,1
1748873556000000000,AAPL,XNAS,2,-1,1.000527024269104,100,125.0,1
1748873562000000000,AAPL,XNAS,1,1,1.0000251531600952,100,1.0,1
1748873562000000000,AAPL,XNAS,1,-1,1.0003764629364014,100,40.0,1
1748873562000000000,AAPL,XNAS,2,1,0.9999749064445496,100,20.0,1
1748873562000000000,AAPL,XNAS,2,-1,1.000527024269104,100,125.0,1
1748873564000000000,AAPL,XNAS,1,1,0.9999247193336487,100,1.0,1
1748873564000000000,AAPL,XNAS,1,-1,1.0002259016036987,100,10.0,1
1748873564000000000,AAPL,XNAS,2,1,0.9998745322227478,100,20.0,1
1748873564000000000,AAPL,XNAS,2,-1,1.0003764629364014,100,31.0,1
1748873567000000000,AAPL,XNAS,1,1,0.9998745322227478,100,20.0,1
1748873567000000000,AAPL,XNAS,1,-1,1.0002259016036987,100,10.0,1
1748873567000000000,AAPL,XNAS,2,1,0.9997239708900452,100,205.0,1
1748873567000000000,AAPL,XNAS,2,-1,1.0003764629364014,100,31.0,1
1748873568000000000,AAPL,XNAS,1,1,0.9998745322227478,100,20.0,1
1748873568000000000,AAPL,XNAS,1,-1,1.0002259016036987,100,10.0,1
1748873568000000000,AAPL,XNAS,2,1,0.9997239708900452,100,205.0,1
1748873568000000000,AAPL,XNAS,2,-1,1.0003262758255005,100,26.0,1
1748873569000000000,AAPL,XNAS,1,1,0.9998745322227478,100,20.0,1
1748873569000000000,AAPL,XNAS,1,-1,1.0002259016036987,100,10.0,1
1748873569000000000,AAPL,XNAS,2,1,0.9997239708900452,100,205.0,1
1748873569000000000,AAPL,XNAS,2,-1,1.0003764629364014,100,156.0,1
1748873570000000000,AAPL,XNAS,1,1,0.9998745322227478,100,20.0,1
1748873570000000000,AAPL,XNAS,1,-1,1.0002259016036987,100,11.0,1
1748873570000000000,AAPL,XNAS,2,1,0.9997239708900452,100,200.0,1
1748873570000000000,AAPL,XNAS,2,-1,1.0003764629364014,100,55.0,1
1748873571000000000,AAPL,XNAS,1,1,0.9998745322227478,100,20.0,1
1748873571000000000,AAPL,XNAS,1,-1,1.0002259016036987,100,10.0,1
1748873571000000000,AAPL,XNAS,2,1,0.9997239708900452,100,200.0,1
1748873571000000000,AAPL,XNAS,2,-1,1.0003262758255005,100,26.0,1
1748873580000000000,AAPL,XNAS,1,1,0.9998745322227478,100,20.0,1
1748873580000000000,AAPL,XNAS,1,-1,1.0002259016036987,100,11.0,1
1748873580000000000,AAPL,XNAS,2,1,0.9997239708900452,100,200.0,1
1748873580000000000,AAPL,XNAS,2,-1,1.0003262758255005,100,25.0,1
1748873581000000000,AAPL,XNAS,1,1,0.9998745322227478,100,20.0,1
1748873581000000000,AAPL,XNAS,1,-1,1.0002259016036987,100,10.0,1
1748873581000000000,AAPL,XNAS,2,1,0.9997239708900452,100,200.0,1
1748873581000000000,AAPL,XNAS,2,-1,1.0003262758255005,100,1.0,1
1748873584000000000,AAPL,XNAS,1,1,0.9997239708900452,100,200.0,1
1748873584000000000,AAPL,XNAS,1,-1,1.0002259016036987,100,11.0,1
1748873584000000000,AAPL,XNAS,2,1,0.9995734095573425,100,30.0,1
1748873584000000000,AAPL,XNAS,2,-1,1.0003764629364014,100,30.0,1
1748873585000000000,AAPL,XNAS,1,1,0.9997239708900452,100,205.0,1
1748873585000000000,AAPL,XNAS,1,-1,1.0002259016036987,100,11.0,1
1748873585000000000,AAPL,XNAS,2,1,0.9995734095573425,100,30.0,1
1748873585000000000,AAPL,XNAS,2,-1,1.0003764629364014,100,30.0,1
1748873589000000000,AAPL,XNAS,1,1,0.9997239708900452,100,200.0,1
1748873589000000000,AAPL,XNAS,1,-1,1.0002259016036987,100,11.0,1
1748873589000000000,AAPL,XNAS,2,1,0.9995734095573425,100,30.0,1
1748873589000000000,AAPL,XNAS,2,-1,1.0003764629364014,100,30.0,1
1748873591000000000,AAPL,XNAS,1,1,0.9997239708900452,100,200.0,1
1748873591000000000,AAPL,XNAS,1,-1,1.0002259016036987,100,11.0,1
1748873591000000000,AAPL,XNAS,2,1,0.9995734095573425,100,30.0,1
1748873591000000000,AAPL,XNAS,2,-1,1.0003764629364014,100,30.0,1
1748873592000000000,AAPL,XNAS,1,1,0.9997239708900452,100,202.0,1
1748873592000000000,AAPL,XNAS,1,-1,0.9999749064445496,100,1.0,1
1748873592000000000,AAPL,XNAS,2,1,0.9995734095573425,100,30.0,1
1748873592000000000,AAPL,XNAS,2,-1,1.0002259016036987,100,10.0,1
1748873594000000000,AAPL,XNAS,1,1,0.9997239708900452,100,302.0,2
1748873594000000000,AAPL,XNAS,1,-1,0.9999749064445496,100,1.0,1
1748873594000000000,AAPL,XNAS,2,1,0.9995734095573425,100,30.0,1
1748873594000000000,AAPL,XNAS,2,-1,1.0002259016036987,100,10.0,1
1748873599000000000,AAPL,XNAS,1,1,0.9997239708900452,100,302.0,2
1748873599000000000,AAPL,XNAS,1,-1,0.9999749064445496,100,1.0,1
1748873599000000000,AAPL,XNAS,2,1,0.9995734095573425,100,30.0,1
1748873599000000000,AAPL,XNAS,2,-1,1.0002259016036987,100,210.0,1
1748873602000000000,AAPL,XNAS,1,1,0.9997239708900452,100,312.0,2
1748873602000000000,AAPL,XNAS,1,-1,1.000125527381897,100,10.0,1
1748873602000000000,AAPL,XNAS,2,1,0.9995734095573425,100,30.0,1
1748873602000000000,AAPL,XNAS,2,-1,1.0002259016036987,100,100.0,1
1748873604000000000,AAPL,XNAS,1,1,0.9997239708900452,100,314.0,2
1748873604000000000,AAPL,XNAS,1,-1,1.000125527381897,100,10.0,1
1748873604000000000,AAPL,XNAS,2,1,0.9995734095573425,100,30.0,1
1748873604000000000,AAPL,XNAS,2,-1,1.0002259016036987,100,100.0,1
1748873607000000000,AAPL,XNAS,1,1,0.9997239708900452,100,315.0,2
1748873607000000000,AAPL,XNAS,1,-1,1.000125527381897,100,10.0,1
1748873607000000000,AAPL,XNAS,2,1,0.9995734095573425,100,30.0,1
1748873607000000000,AAPL,XNAS,2,-1,1.0002259016036987,100,100.0,1
1748873609000000000,AAPL,XNAS,1,1,0.9997239708900452,100,314.0,2
1748873609000000000,AAPL,XNAS,1,-1,1.000125527381897,100,10.0,1
1748873609000000000,AAPL,XNAS,2,1,0.9995734095573425,100,30.0,1
1748873609000000000,AAPL,XNAS,2,-1,1.0002259016036987,100,100.0,1
1748873610000000000,AAPL,XNAS,1,1,0.9997239708900452,100,309.0,2
1748873610000000000,AAPL,XNAS,1,-1,1.000125527381897,100,10.0,1
1748873610000000000,AAPL,XNAS,2,1,0.9996737837791443,100,20.0,1
1748873610000000000,AAPL,XNAS,2,-1,1.0002259016036987,100,100.0,1
1748873612000000000,AAPL,XNAS,1,1,0.9997239708900452,100,310.0,2
1748873612000000000,AAPL,XNAS,1,-1,1.000125527381897,100,10.0,1
1748873612000000000,AAPL,XNAS,2,1,0.9996737837791443,100,20.0,1
1748873612000000000,AAPL,XNAS,2,-1,1.0002259016036987,100,100.0,1
1748873613000000000,AAPL,XNAS,1,1,0.9997239708900452,100,310.0,2
1748873613000000000,AAPL,XNAS,1,-1,1.000125527381897,100,10.0,1
1748873613000000000,AAPL,XNAS,2,1,0.9996737837791443,100,20.0,1
1748873613000000000,AAPL,XNAS,2,-1,1.0002259016036987,100,100.0,1
1748873615000000000,AAPL,XNAS,1,1,0.9997239708900452,100,311.0,2
1748873615000000000,AAPL,XNAS,1,-1,1.000125527381897,100,10.0,1
1748873615000000000,AAPL,XNAS,2,1,0.9996737837791443,100,20.0,1
1748873615000000000,AAPL,XNAS,2,-1,1.0002259016036987,100,100.0,1
1748873620000000000,AAPL,XNAS,1,1,0.9997239708900452,100,307.0,2
1748873620000000000,AAPL,XNAS,1,-1,1.000125527381897,100,10.0,1
1748873620000000000,AAPL,XNAS,2,1,0.9996737837791443,100,20.0,1
1748873620000000000,AAPL,XNAS,2,-1,1.0001757144927979,100,2.0,1
1748873622000000000,AAPL,XNAS,1,1,0.9997239708900452,100,307.0,2
1748873622000000000,AAPL,XNAS,1,-1,1.000125527381897,100,10.0,1
1748873622000000000,AAPL,XNAS,2,1,0.9996737837791443,100,20.0,1
1748873622000000000,AAPL,XNAS,2,-1,1.0001757144927979,100,2.0,1
1748873623000000000,AAPL,XNAS,1,1,0.9997239708900452,100,307.0,2
1748873623000000000,AAPL,XNAS,1,-1,1.000125527381897,100,10.0,1
1748873623000000000,AAPL,XNAS,2,1,0.9996737837791443,100,20.0,1
1748873623000000000,AAPL,XNAS,2,-1,1.0001757144927979,100,2.0,1
1748873624000000000,AAPL,XNAS,1,1,0.9997239708900452,100,307.0,2
1748873624000000000,AAPL,XNAS,1,-1,1.000125527381897,100,10.0,1
1748873624000000000,AAPL,XNAS,2,1,0.9996737837791443,100,20.0,1
1748873624000000000,AAPL,XNAS,2,-1,1.0001757144927979,100,2.0,1
1748873625000000000,AAPL,XNAS,1,1,0.9997239708900452,100,307.0,2
1748873625000000000,AAPL,XNAS,1,-1,1.000125527381897,100,10.0,1
1748873625000000000,AAPL,XNAS,2,1,0.9996737837791443,100,20.0,1
1748873625000000000,AAPL,XNAS,2,-1,1.0001757144927979,100,2.0,1
1748873628000000000,AAPL,XNAS,1,1,0.9997239708900452,100,307.0,2
1748873628000000000,AAPL,XNAS,1,-1,1.000125527381897,100,10.0,1
1748873628000000000,AAPL,XNAS,2,1,0.9996737837791443,100,20.0,1
1748873628000000000,AAPL,XNAS,2,-1,1.0001757144927979,100,2.0,1
1748873635000000000,AAPL,XNAS,1,1,0.9997239708900452,100,308.0,2
1748873635000000000,AAPL,XNAS,1,-1,1.000125527381897,100,10.0,1
1748873635000000000,AAPL,XNAS,2,1,0.9996737837791443,100,20.0,1
1748873635000000000,AAPL,XNAS,2,-1,1.0001757144927979,100,2.0,1
1748873640000000000,AAPL,XNAS,1,1,0.9997239708900452,100,307.0,2
1748873640000000000,AAPL,XNAS,1,-1,1.000125527381897,100,10.0,1
1748873640000000000,AAPL,XNAS,2,1,0.9996737837791443,100,20.0,1
1748873640000000000,AAPL,XNAS,2,-1,1.0001757144927979,100,2.0,1
1748873641000000000,AAPL,XNAS,1,1,0.9997239708900452,100,307.0,2
1748873641000000000,AAPL,XNAS,1,-1,1.000125527381897,100,10.0,1
1748873641000000000,AAPL,XNAS,2,1,0.9996737837791443,100,20.0,1
1748873641000000000,AAPL,XNAS,2,-1,1.0001757144927979,100,2.0,1
1748873646000000000,AAPL,XNAS,1,1,0.9997239708900452,100,304.0,2
1748873646000000000,AAPL,XNAS,1,-1,1.000125527381897,100,10.0,1
1748873646000000000,AAPL,XNAS,2,1,0.9996737837791443,100,20.0,1
1748873646000000000,AAPL,XNAS,2,-1,1.0002259016036987,100,100.0,1
1748873648000000000,AAPL,XNAS,1,1,0.9997239708900452,100,304.0,2
1748873648000000000,AAPL,XNAS,1,-1,1.000125527381897,100,110.0,1
1748873648000000000,AAPL,XNAS,2,1,0.9996737837791443,100,20.0,1
1748873648000000000,AAPL,XNAS,2,-1,1.0003764629364014,100,32.0,1
1748873652000000000,AAPL,XNAS,1,1,0.9997239708900452,100,307.0,2
1748873652000000000,AAPL,XNAS,1,-1,1.000125527381897,100,2.0,1
1748873652000000000,AAPL,XNAS,2,1,0.9996737837791443,100,20.0,1
1748873652000000000,AAPL,XNAS,2,-1,1.0003764629364014,100,32.0,1
1748873656000000000,AAPL,XNAS,1,1,0.9997239708900452,100,307.0,2
1748873656000000000,AAPL,XNAS,1,-1,1.000125527381897,100,2.0,1
1748873656000000000,AAPL,XNAS,2,1,0.9996737837791443,100,20.0,1
1748873656000000000,AAPL,XNAS,2,-1,1.0003764629364014,100,135.0,1
1748873657000000000,AAPL,XNAS,1,1,0.9997239708900452,100,307.0,2
1748873657000000000,AAPL,XNAS,1,-1,1.000125527381897,100,2.0,1
1748873657000000000,AAPL,XNAS,2,1,0.9996737837791443,100,20.0,1
1748873657000000000,AAPL,XNAS,2,-1,1.0003764629364014,100,35.0,1
1748873658000000000,AAPL,XNAS,1,1,1.0000251531600952,100,1.0,1
1748873658000000000,AAPL,XNAS,1,-1,1.0003764629364014,100,35.0,1
1748873658000000000,AAPL,XNAS,2,1,0.9999749064445496,100,20.0,1
1748873658000000000,AAPL,XNAS,2,-1,1.000527024269104,100,100.0,1
1748873667000000000,AAPL,XNAS,1,1,1.0000251531600952,100,2.0,1
1748873667000000000,AAPL,XNAS,1,-1,1.0003764629364014,100,35.0,1
1748873667000000000,AAPL,XNAS,2,1,0.9999749064445496,100,20.0,1
1748873667000000000,AAPL,XNAS,2,-1,1.000527024269104,100,100.0,1
1748873669000000000,AAPL,XNAS,1,1,1.0000251531600952,100,2.0,1
1748873669000000000,AAPL,XNAS,1,-1,1.0003764629364014,100,32.0,1
1748873669000000000,AAPL,XNAS,2,1,0.9999749064445496,100,20.0,1
1748873669000000000,AAPL,XNAS,2,-1,1.000527024269104,100,100.0,1
1748873671000000000,AAPL,XNAS,1,1,1.0001757144927979,100,1.0,1
1748873671000000000,AAPL,XNAS,1,-1,1.0003764629364014,100,32.0,1
1748873671000000000,AAPL,XNAS,2,1,1.000125527381897,100,20.0,1
1748873671000000000,AAPL,XNAS,2,-1,1.000527024269104,100,100.0,1
1748873672000000000,AAPL,XNAS,1,1,1.0001757144927979,100,3.0,1
1748873672000000000,AAPL,XNAS,1,-1,1.0003764629364014,100,32.0,1
1748873672000000000,AAPL,XNAS,2,1,1.000125527381897,100,20.0,1
1748873672000000000,AAPL,XNAS,2,-1,1.000527024269104,100,100.0,1
1748873674000000000,AAPL,XNAS,1,1,1.0001757144927979,100,1.0,1
1748873674000000000,AAPL,XNAS,1,-1,1.0003764629364014,100,32.0,1
1748873674000000000,AAPL,XNAS,2,1,1.000125527381897,100,20.0,1
1748873674000000000,AAPL,XNAS,2,-1,1.000527024269104,100,100.0,1
1748873677000000000,AAPL,XNAS,1,1,1.0001757144927979,100,3.0,1
1748873677000000000,AAPL,XNAS,1,-1,1.0003764629364014,100,32.0,1
1748873677000000000,AAPL,XNAS,2,1,1.000125527381897,100,20.0,1
1748873677000000000,AAPL,XNAS,2,-1,1.000527024269104,100,100.0,1
1748873679000000000,AAPL,XNAS,1,1,1.0001757144927979,100,4.0,1
1748873679000000000,AAPL,XNAS,1,-1,1.0003764629364014,100,32.0,1
1748873679000000000,AAPL,XNAS,2,1,1.000125527381897,100,20.0,1
1748873679000000000,AAPL,XNAS,2,-1,1.000527024269104,100,100.0,1
1748873683000000000,AAPL,XNAS,1,1,1.0001757144927979,100,4.0,1
1748873683000000000,AAPL,XNAS,1,-1,1.0003764629364014,100,27.0,1
1748873683000000000,AAPL,XNAS,2,1,1.000125527381897,100,20.0,1
1748873683000000000,AAPL,XNAS,2,-1,1.000527024269104,100,100.0,1
1748873684000000000,AAPL,XNAS,1,1,1.0001757144927979,100,1.0,1
1748873684000000000,AAPL,XNAS,1,-1,1.0003764629364014,100,27.0,1
1748873684000000000,AAPL,XNAS,2,1,1.000125527381897,100,20.0,1
1748873684000000000,AAPL,XNAS,2,-1,1.000527024269104,100,100.0,1
1748873685000000000,AAPL,XNAS,1,1,1.0001757144927979,100,3.0,1
1748873685000000000,AAPL,XNAS,1,-1,1.0003764629364014,100,27.0,1
1748873685000000000,AAPL,XNAS,2,1,1.000125527381897,100,20.0,1
1748873685000000000,AAPL,XNAS,2,-1,1.000527024269104,100,100.0,1
1748873689000000000,AAPL,XNAS,1,1,1.0001757144927979,100,1.0,1
1748873689000000000,AAPL,XNAS,1,-1,1.0003764629364014,100,27.0,1
1748873689000000000,AAPL,XNAS,2,1,1.000125527381897,100,20.0,1
1748873689000000000,AAPL,XNAS,2,-1,1.000527024269104,100,100.0,1
1748873691000000000,AAPL,XNAS,1,1,1.0001757144927979,100,1.0,1
1748873691000000000,AAPL,XNAS,1,-1,1.0003764629364014,100,25.0,1
1748873691000000000,AAPL,XNAS,2,1,1.000125527381897,100,20.0,1
1748873691000000000,AAPL,XNAS,2,-1,1.000527024269104,100,100.0,1
1748873692000000000,AAPL,XNAS,1,1,1.0001757144927979,100,3.0,1
1748873692000000000,AAPL,XNAS,1,-1,1.0003764629364014,100,25.0,1
1748873692000000000,AAPL,XNAS,2,1,1.000125527381897,100,20.0,1
1748873692000000000,AAPL,XNAS,2,-1,1.000527024269104,100,100.0,1
1748873697000000000,AAPL,XNAS,1,1,1.0001757144927979,100,5.0,1
1748873697000000000,AAPL,XNAS,1,-1,1.0003764629364014,100,25.0,1
1748873697000000000,AAPL,XNAS,2,1,1.000125527381897,100,20.0,1
1748873697000000000,AAPL,XNAS,2,-1,1.000527024269104,100,100.0,1
1748873705000000000,AAPL,XNAS,1,1,1.000125527381897,100,21.0,1
1748873705000000000,AAPL,XNAS,1,-1,1.0003764629364014,100,24.0,1
