ts_ns,symbol,venue,price,price_ticks,size,aggressor_side
1749650400000000000,AAPL,XNAS,1.000157356262207,100,4.0,BUY
1749650403000000000,AAPL,XNAS,1.0,100,1.0,BUY
1749650431000000000,AAPL,XNAS,0.9997902512550354,100,1.0,BUY
1749650436000000000,AAPL,XNAS,0.9994881749153137,100,216.0,BUY
1749650437000000000,AAPL,XNAS,0.9992657899856567,100,6.0,SELL
1749650438000000000,AAPL,XNAS,0.9994755387306213,100,103.0,BUY
1749650442000000000,AAPL,XNAS,0.9993172883987427,100,548.0,SELL
1749650468000000000,AAPL,XNAS,0.9996328949928284,100,8.0,BUY
1749650474000000000,AAPL,XNAS,0.9995279908180237,100,1.0,BUY
1749650490000000000,AAPL,XNAS,0.9994231462478638,100,5.0,SELL
1749650491000000000,AAPL,XNAS,0.9993706941604614,100,27.0,BUY
1749650525000000000,AAPL,XNAS,0.9991084337234497,100,6.0,SELL
1749650527000000000,AAPL,XNAS,0.9991084337234497,100,98.0,SELL
1749650536000000000,AAPL,XNAS,0.9989736676216125,100,100.0,SELL
1749650548000000000,AAPL,XNAS,0.999160885810852,100,1.0,BUY
1749650558000000000,AAPL,XNAS,0.9992028474807739,100,25.0,SELL
1749650611000000000,AAPL,XNAS,0.9992657899856567,100,54.0,UNKNOWN
1749650617000000000,AAPL,XNAS,0.9992657899856567,100,1.0,UNKNOWN
1749650655000000000,AAPL,XNAS,0.9992657899856567,100,1.0,UNKNOWN
1749650661000000000,AAPL,XNAS,0.9988954663276672,100,324.0,SELL
1749650676000000000,AAPL,XNAS,0.9988462328910828,100,5.0,SELL
1749650689000000000,AAPL,XNAS,0.9988986849784851,100,1.0,SELL
1749650713000000000,AAPL,XNAS,0.9986364841461182,100,10.0,SELL
1749650730000000000,AAPL,XNAS,0.9989511370658875,100,20.0,SELL
1749650748000000000,AAPL,XNAS,0.9990447759628296,100,28.0,SELL
1749650749000000000,AAPL,XNAS,0.9992133378982544,100,100.0,SELL
1749650768000000000,AAPL,XNAS,0.9991084337234497,100,200.0,SELL
1749650769000000000,AAPL,XNAS,0.9990035891532898,100,100.0,SELL
1749650773000000000,AAPL,XNAS,0.9986888766288757,100,400.0,SELL
1749650777000000000,AAPL,XNAS,0.9986364841461182,100,1.0,SELL
1749650782000000000,AAPL,XNAS,0.9987937808036804,100,16.0,SELL
1749650791000000000,AAPL,XNAS,0.9988462328910828,100,1.0,SELL
1749650836000000000,AAPL,XNAS,0.9988462328910828,100,1.0,SELL
1749650850000000000,AAPL,XNAS,0.9988462328910828,100,1.0,SELL
1749650852000000000,AAPL,XNAS,0.9988462328910828,100,1.0,BUY
1749650877000000000,AAPL,XNAS,0.9986066222190857,100,216.0,BUY
1749650900000000000,AAPL,XNAS,0.9985840320587158,100,1.0,BUY
1749650910000000000,AAPL,XNAS,0.9987360835075378,100,30.0,BUY
1749650911000000000,AAPL,XNAS,0.9987413287162781,100,26.0,BUY
1749650912000000000,AAPL,XNAS,0.9987413287162781,100,55.0,SELL
1749650969000000000,AAPL,XNAS,0.9986888766288757,100,1.0,SELL
1749650971000000000,AAPL,XNAS,0.9986888766288757,100,1.0,BUY
1749650972000000000,AAPL,XNAS,0.998477041721344,100,225.0,SELL
1749650977000000000,AAPL,XNAS,0.9983742237091064,100,1.0,SELL
1749650988000000000,AAPL,XNAS,0.9983217716217041,100,1.0,SELL
1749651000000000000,AAPL,XNAS,1.0000696182250977,100,8.0,SELL
1749651004000000000,AAPL,XNAS,1.0000696182250977,100,6.0,SELL
1749651031000000000,AAPL,XNAS,0.9990022778511047,100,200.0,SELL
1749651032000000000,AAPL,XNAS,0.9986310601234436,100,2.0,SELL
1749651034000000000,AAPL,XNAS,0.9984918236732483,100,100.0,SELL
1749651037000000000,AAPL,XNAS,0.9984918236732483,100,7.0,SELL
1749651044000000000,AAPL,XNAS,0.997702956199646,100,38.0,SELL
1749651056000000000,AAPL,XNAS,0.997749388217926,100,80.0,SELL
1749651063000000000,AAPL,XNAS,0.9995591640472412,100,100.0,SELL
1749651079000000000,AAPL,XNAS,0.9992020130157471,100,115.0,SELL
1749651094000000000,AAPL,XNAS,0.9991661906242371,100,94.0,SELL
1749651100000000000,AAPL,XNAS,0.9986774921417236,100,100.0,SELL
1749651101000000000,AAPL,XNAS,0.9986774921417236,100,96.0,SELL
1749651106000000000,AAPL,XNAS,0.9995591640472412,100,100.0,SELL
1749651129000000000,AAPL,XNAS,0.9995591640472412,100,3.0,SELL
1749651159000000000,AAPL,XNAS,0.9987127780914307,100,473.0,BUY
1749651172000000000,AAPL,XNAS,0.9976322054862976,100,244.0,SELL
1749651173000000000,AAPL,XNAS,0.9979609847068787,100,159.0,SELL
1749651183000000000,AAPL,XNAS,0.9986604452133179,100,213.0,SELL
1749651194000000000,AAPL,XNAS,0.9989094734191895,100,113.0,SELL
1749651207000000000,AAPL,XNAS,0.9980760216712952,100,206.0,BUY
1749651208000000000,AAPL,XNAS,0.9972934126853943,100,23.0,SELL
1749651209000000000,AAPL,XNAS,0.9976333379745483,100,18.0,SELL
1749651210000000000,AAPL,XNAS,0.9979813694953918,100,200.0,BUY
1749651227000000000,AAPL,XNAS,0.9968836307525635,100,128.0,BUY
1749651244000000000,AAPL,XNAS,0.9962888360023499,100,19.0,SELL
1749651248000000000,AAPL,XNAS,0.9965892434120178,100,5.0,SELL
1749651261000000000,AAPL,XNAS,0.9964036345481873,100,106.0,SELL
1749651262000000000,AAPL,XNAS,0.9971696734428406,100,183.0,BUY
1749651264000000000,AAPL,XNAS,0.9963572025299072,100,300.0,SELL
1749651267000000000,AAPL,XNAS,0.9957141876220703,100,14.0,BUY
1749651274000000000,AAPL,XNAS,0.9962180256843567,100,100.0,BUY
1749651311000000000,AAPL,XNAS,0.9974245429039001,100,135.0,BUY
1749651340000000000,AAPL,XNAS,0.9970996975898743,100,90.0,SELL
1749651377000000000,AAPL,XNAS,0.9971461296081543,100,4.0,SELL
1749651396000000000,AAPL,XNAS,0.9971925020217896,100,9.0,SELL
1749651397000000000,AAPL,XNAS,0.9967748522758484,100,14.0,SELL
1749651409000000000,AAPL,XNAS,0.9967963099479675,100,195.0,SELL
1749651420000000000,AAPL,XNAS,0.996310830116272,100,8.0,SELL
1749651424000000000,AAPL,XNAS,0.9960406422615051,100,101.0,SELL
1749651440000000000,AAPL,XNAS,0.9965892434120178,100,4.0,BUY
1749651443000000000,AAPL,XNAS,0.9966820478439331,100,100.0,BUY
1749651460000000000,AAPL,XNAS,0.9959862232208252,100,401.0,SELL
1749651475000000000,AAPL,XNAS,0.996926486492157,100,112.0,SELL
1749651483000000000,AAPL,XNAS,0.9966356754302979,100,100.0,BUY
1749651484000000000,AAPL,XNAS,0.9960760474205017,100,101.0,SELL
1749651486000000000,AAPL,XNAS,0.9955312013626099,100,5.0,SELL
1749651504000000000,AAPL,XNAS,0.9960272312164307,100,45.0,SELL
1749651513000000000,AAPL,XNAS,0.9957587122917175,100,196.0,SELL
1749651516000000000,AAPL,XNAS,0.9950813055038452,100,202.0,SELL
1749651523000000000,AAPL,XNAS,0.9946866631507874,99,1.0,BUY
1749651525000000000,AAPL,XNAS,0.9939441680908203,99,300.0,SELL
1749651565000000000,AAPL,XNAS,0.9939906001091003,99,90.0,SELL
1749651568000000000,AAPL,XNAS,0.9946402311325073,99,5.0,SELL
1749651584000000000,AAPL,XNAS,0.993611752986908,99,325.0,BUY
1749651639000000000,AAPL,XNAS,0.9997772574424744,100,2.0,BUY
1749651649000000000,AAPL,XNAS,0.9995262622833252,100,127.0,SELL
1749651652000000000,AAPL,XNAS,0.9993006587028503,100,312.0,BUY
1749651653000000000,AAPL,XNAS,0.9990081191062927,100,26.0,SELL
1749651677000000000,AAPL,XNAS,0.9989606738090515,100,306.0,BUY
1749651679000000000,AAPL,XNAS,0.998589277267456,100,88.0,SELL
1749651687000000000,AAPL,XNAS,0.9984902739524841,100,201.0,SELL
1749651691000000000,AAPL,XNAS,0.9984160661697388,100,4.0,SELL
1749651698000000000,AAPL,XNAS,0.9982758164405823,100,6.0,BUY
1749651700000000000,AAPL,XNAS,0.9980447888374329,100,4.0,BUY
1749651702000000000,AAPL,XNAS,0.9978632926940918,100,6.0,SELL
1749651708000000000,AAPL,XNAS,0.9978107810020447,100,11.0,SELL
1749651722000000000,AAPL,XNAS,0.9981437921524048,100,25.0,BUY
1749651732000000000,AAPL,XNAS,0.9976240396499634,100,8.0,SELL
1749651734000000000,AAPL,XNAS,0.997549831867218,100,105.0,SELL
1749651735000000000,AAPL,XNAS,0.9975003004074097,100,1.0,SELL
1749651754000000000,AAPL,XNAS,0.9978538155555725,100,211.0,SELL
1749651820000000000,AAPL,XNAS,0.9982427954673767,100,2.0,SELL
1749651866000000000,AAPL,XNAS,0.9978963136672974,100,604.0,SELL
1749651889000000000,AAPL,XNAS,0.9981437921524048,100,1.0,SELL
1749651905000000000,AAPL,XNAS,0.9983912706375122,100,34.0,BUY
1749651959000000000,AAPL,XNAS,0.9984408020973206,100,2.0,SELL
1749651972000000000,AAPL,XNAS,0.998589277267456,100,102.0,SELL
1749651996000000000,AAPL,XNAS,0.9989357590675354,100,31.0,BUY
1749651997000000000,AAPL,XNAS,0.9989357590675354,100,79.0,SELL
1749652000000000000,AAPL,XNAS,0.9991832971572876,100,2.0,BUY
1749652066000000000,AAPL,XNAS,0.9993317723274231,100,3.0,SELL
1749652085000000000,AAPL,XNAS,0.999430775642395,100,1.0,UNKNOWN
1749652091000000000,AAPL,XNAS,0.9996287822723389,100,43.0,BUY
1749652122000000000,AAPL,XNAS,0.9993812441825867,100,1.0,SELL
1749652133000000000,AAPL,XNAS,0.9996287822723389,100,164.0,SELL
1749652156000000000,AAPL,XNAS,0.9994550347328186,100,432.0,SELL
1749652176000000000,AAPL,XNAS,0.999430775642395,100,3.0,BUY
1749652180000000000,AAPL,XNAS,0.9991587400436401,100,202.0,BUY
1749652188000000000,AAPL,XNAS,0.9987872838973999,100,101.0,SELL
1749652201000000000,AAPL,XNAS,0.9988294243812561,100,3.0,SELL
1749652214000000000,AAPL,XNAS,0.9986357688903809,100,190.0,BUY
1749652310000000000,AAPL,XNAS,0.997969388961792,100,400.0,SELL
1749652315000000000,AAPL,XNAS,0.9983516335487366,100,2.0,SELL
1749652394000000000,AAPL,XNAS,0.9980171322822571,100,93.0,SELL
1749652435000000000,AAPL,XNAS,0.9986860752105713,100,95.0,SELL
1749652502000000000,AAPL,XNAS,0.9991341829299927,100,29.0,BUY
1749652516000000000,AAPL,XNAS,0.9994869828224182,100,245.0,BUY
1749652523000000000,AAPL,XNAS,0.9991638660430908,100,28.0,SELL
1749652524000000000,AAPL,XNAS,0.9991638660430908,100,6.0,SELL
1749652622000000000,AAPL,XNAS,1.000109076499939,100,184.0,SELL
1749652629000000000,AAPL,XNAS,0.9998318552970886,100,102.0,BUY
1749652749000000000,AAPL,XNAS,0.9995938539505005,100,101.0,SELL
1749652818000000000,AAPL,XNAS,0.9997187256813049,100,116.0,BUY
1749652832000000000,AAPL,XNAS,0.9996829628944397,100,202.0,SELL
1749652874000000000,AAPL,XNAS,0.9996347427368164,100,2.0,SELL
1749652888000000000,AAPL,XNAS,0.9993911981582642,100,19.0,SELL
1749652898000000000,AAPL,XNAS,0.9992938041687012,100,53.0,SELL
1749652903000000000,AAPL,XNAS,0.9992451071739197,100,2.0,SELL
1749652907000000000,AAPL,XNAS,0.9990990161895752,100,200.0,SELL
1749652925000000000,AAPL,XNAS,0.9990990161895752,100,1.0,SELL
1749652926000000000,AAPL,XNAS,0.9992938041687012,100,1.0,BUY
1749652941000000000,AAPL,XNAS,0.9990502595901489,100,100.0,SELL
1749652949000000000,AAPL,XNAS,0.9990502595901489,100,2.0,SELL
1749652999000000000,AAPL,XNAS,0.9989854693412781,100,339.0,BUY
1749653003000000000,AAPL,XNAS,0.9987093806266785,100,2.0,BUY
1749653005000000000,AAPL,XNAS,0.998855471611023,100,200.0,SELL
1749653043000000000,AAPL,XNAS,0.9989041686058044,100,4.0,SELL
1749653062000000000,AAPL,XNAS,0.9991559982299805,100,135.0,SELL
1749653063000000000,AAPL,XNAS,0.9994155764579773,100,2.0,BUY
1749653071000000000,AAPL,XNAS,0.9991964101791382,100,100.0,SELL
1749653082000000000,AAPL,XNAS,0.9991841912269592,100,400.0,BUY
1749653145000000000,AAPL,XNAS,0.9991964101791382,100,1.0,BUY
1749653153000000000,AAPL,XNAS,0.9990981817245483,100,300.0,SELL
1749653163000000000,AAPL,XNAS,0.9989551305770874,100,109.0,BUY
1749653165000000000,AAPL,XNAS,0.9988067746162415,100,103.0,BUY
1749653215000000000,AAPL,XNAS,0.9984390735626221,100,100.0,SELL
1749653220000000000,AAPL,XNAS,0.9984658360481262,100,1.0,SELL
1749653235000000000,AAPL,XNAS,0.9986119270324707,100,1.0,SELL
1749653245000000000,AAPL,XNAS,0.9989528656005859,100,4.0,BUY
1749653246000000000,AAPL,XNAS,0.9990502595901489,100,2.0,BUY
1749653249000000000,AAPL,XNAS,0.9991152286529541,100,3.0,BUY
1749653263000000000,AAPL,XNAS,0.9991964101791382,100,1.0,BUY
1749653292000000000,AAPL,XNAS,0.9990015625953674,100,100.0,SELL
1749653309000000000,AAPL,XNAS,0.9992584586143494,100,51.0,BUY
1749653317000000000,AAPL,XNAS,0.9991477131843567,100,1.0,SELL
1749653319000000000,AAPL,XNAS,0.9993360638618469,100,106.0,BUY
1749653354000000000,AAPL,XNAS,0.9992451071739197,100,1.0,BUY
1749653390000000000,AAPL,XNAS,0.999038577079773,100,416.0,BUY
1749653396000000000,AAPL,XNAS,0.9991477131843567,100,5.0,SELL
1749653398000000000,AAPL,XNAS,0.9993911981582642,100,2.0,BUY
1749653407000000000,AAPL,XNAS,1.0016247034072876,100,2.0,BUY
1749653421000000000,AAPL,XNAS,1.0016711950302124,100,12.0,BUY
1749653441000000000,AAPL,XNAS,1.0011605024337769,100,5.0,BUY
1749653452000000000,AAPL,XNAS,1.0013926029205322,100,28.0,BUY
1749653463000000000,AAPL,XNAS,1.0015932321548462,100,261.0,SELL
1749653467000000000,AAPL,XNAS,1.0013926029205322,100,2.0,SELL
1749653481000000000,AAPL,XNAS,1.0018179416656494,100,37.0,BUY
1749653522000000000,AAPL,XNAS,1.0021121501922607,100,6.0,BUY
1749653523000000000,AAPL,XNAS,1.0024141073226929,100,212.0,BUY
1749653525000000000,AAPL,XNAS,1.0026130676269531,100,110.0,SELL
1749653526000000000,AAPL,XNAS,1.002955436706543,100,3.0,BUY
1749653527000000000,AAPL,XNAS,1.0029387474060059,100,111.0,BUY
1749653530000000000,AAPL,XNAS,1.0030637979507446,100,3.0,BUY
1749653546000000000,AAPL,XNAS,1.0032494068145752,100,3.0,BUY
1749653564000000000,AAPL,XNAS,1.0027388334274292,100,6.0,BUY
1749653590000000000,AAPL,XNAS,1.002553105354309,100,3.0,BUY
1749653596000000000,AAPL,XNAS,1.0027388334274292,100,1.0,SELL
1749653597000000000,AAPL,XNAS,1.0029709339141846,100,25.0,BUY
1749653608000000000,AAPL,XNAS,1.0029709339141846,100,232.0,SELL
1749653617000000000,AAPL,XNAS,1.002602219581604,100,103.0,BUY
1749653642000000000,AAPL,XNAS,1.0029245615005493,100,2.0,BUY
1749653654000000000,AAPL,XNAS,1.0026459693908691,100,2.0,SELL
1749653655000000000,AAPL,XNAS,1.0028780698776245,100,119.0,SELL
1749653657000000000,AAPL,XNAS,1.0032494068145752,100,1.0,BUY
1749653701000000000,AAPL,XNAS,1.0031101703643799,100,1.0,SELL
1749653702000000000,AAPL,XNAS,1.0033400058746338,100,163.0,SELL
1749653703000000000,AAPL,XNAS,1.0035279989242554,100,3.0,BUY
1749653706000000000,AAPL,XNAS,1.003570795059204,100,13.0,BUY
1749653707000000000,AAPL,XNAS,1.0036672353744507,100,2.0,BUY
1749653710000000000,AAPL,XNAS,1.0037137269973755,100,2.0,BUY
1749653712000000000,AAPL,XNAS,1.003806471824646,100,5.0,BUY
1749653715000000000,AAPL,XNAS,1.0038529634475708,100,20.0,BUY
1749653717000000000,AAPL,XNAS,1.00394606590271,100,161.0,BUY
1749653754000000000,AAPL,XNAS,1.0033059120178223,100,106.0,BUY
1749653755000000000,AAPL,XNAS,1.002959966659546,100,38.0,SELL
1749653763000000000,AAPL,XNAS,1.0027388334274292,100,2.0,SELL
1749653771000000000,AAPL,XNAS,1.0031101703643799,100,1.0,SELL
1749653816000000000,AAPL,XNAS,1.0032494068145752,100,2.0,BUY
1749653817000000000,AAPL,XNAS,1.00320303440094,100,2.0,SELL
1749653825000000000,AAPL,XNAS,1.003537654876709,100,263.0,SELL
1749653872000000000,AAPL,XNAS,1.0039458274841309,100,2.0,BUY
1749653875000000000,AAPL,XNAS,1.0040618181228638,100,2.0,BUY
1749653883000000000,AAPL,XNAS,1.0037600994110107,100,100.0,BUY
1749653927000000000,AAPL,XNAS,1.0040618181228638,100,2.0,UNKNOWN
1749653930000000000,AAPL,XNAS,1.0039393901824951,100,116.0,SELL
1749653933000000000,AAPL,XNAS,1.003899335861206,100,184.0,BUY
1749653967000000000,AAPL,XNAS,1.0034219026565552,100,7.0,BUY
1749653979000000000,AAPL,XNAS,1.0035279989242554,100,100.0,BUY
1749653986000000000,AAPL,XNAS,1.0038350820541382,100,13.0,BUY
1749653994000000000,AAPL,XNAS,1.0036208629608154,100,62.0,BUY
1749654009000000000,AAPL,XNAS,0.9999077916145325,100,285.0,SELL
1749654011000000000,AAPL,XNAS,1.0004347562789917,100,174.0,SELL
1749654025000000000,AAPL,XNAS,1.0000991821289062,100,2.0,SELL
1749654090000000000,AAPL,XNAS,1.0010911226272583,100,100.0,SELL
1749654118000000000,AAPL,XNAS,1.0015372037887573,100,401.0,SELL
1749654121000000000,AAPL,XNAS,1.0013740062713623,100,700.0,BUY
1749654226000000000,AAPL,XNAS,1.0006293058395386,100,212.0,SELL
1749654230000000000,AAPL,XNAS,1.0001627206802368,100,132.0,SELL
1749654232000000000,AAPL,XNAS,1.0000298023223877,100,25.0,SELL
1749654233000000000,AAPL,XNAS,0.9998962879180908,100,11.0,SELL
1749654252000000000,AAPL,XNAS,0.9997400045394897,100,33.0,SELL
1749654269000000000,AAPL,XNAS,0.9996055960655212,100,21.0,SELL
1749654272000000000,AAPL,XNAS,1.0002754926681519,100,325.0,SELL
1749654274000000000,AAPL,XNAS,1.0010415315628052,100,24.0,BUY
1749654341000000000,AAPL,XNAS,1.0003471374511719,100,50.0,SELL
1749654372000000000,AAPL,XNAS,0.9999504089355469,100,50.0,SELL
1749654397000000000,AAPL,XNAS,1.000826358795166,100,299.0,BUY
1749654424000000000,AAPL,XNAS,1.0003471374511719,100,205.0,SELL
1749654448000000000,AAPL,XNAS,0.9999045729637146,100,131.0,BUY
1749654449000000000,AAPL,XNAS,0.9997204542160034,100,22.0,SELL
1749654452000000000,AAPL,XNAS,0.9997519850730896,100,6.0,SELL
1749654500000000000,AAPL,XNAS,0.9994760155677795,100,78.0,SELL
1749654501000000000,AAPL,XNAS,0.9996528029441833,100,11.0,SELL
1749654509000000000,AAPL,XNAS,0.9994544386863708,100,4.0,SELL
1749654535000000000,AAPL,XNAS,1.0002695322036743,100,187.0,SELL
1749654607000000000,AAPL,XNAS,1.0031921863555908,100,201.0,BUY
1749654630000000000,AAPL,XNAS,1.0015984773635864,100,107.0,SELL
1749654652000000000,AAPL,XNAS,1.0015891790390015,100,544.0,SELL
1749654659000000000,AAPL,XNAS,1.0023926496505737,100,101.0,BUY
1749654684000000000,AAPL,XNAS,1.0029710531234741,100,20.0,BUY
1749654691000000000,AAPL,XNAS,1.0024021863937378,100,322.0,BUY
1749654713000000000,AAPL,XNAS,1.0030237436294556,100,88.0,BUY
1749654722000000000,AAPL,XNAS,1.0026556253433228,100,152.0,SELL
1749654733000000000,AAPL,XNAS,1.0033917427062988,100,100.0,BUY
1749654760000000000,AAPL,XNAS,1.0037072896957397,100,50.0,BUY
1749654764000000000,AAPL,XNAS,1.0040228366851807,100,26.0,BUY
1749654765000000000,AAPL,XNAS,1.004422903060913,100,158.0,BUY
1749654773000000000,AAPL,XNAS,1.0043383836746216,100,1.0,BUY
1749654781000000000,AAPL,XNAS,1.003865122795105,100,100.0,SELL
1749654784000000000,AAPL,XNAS,1.0038820505142212,100,310.0,BUY
1749654804000000000,AAPL,XNAS,1.0035758018493652,100,200.0,BUY
1749654822000000000,AAPL,XNAS,1.0033917427062988,100,200.0,SELL
1749654832000000000,AAPL,XNAS,1.002620816230774,100,307.0,BUY
1749654833000000000,AAPL,XNAS,1.0022879838943481,100,102.0,SELL
1749654834000000000,AAPL,XNAS,1.002234935760498,100,2.0,SELL
1749654835000000000,AAPL,XNAS,1.0023701190948486,100,14.0,SELL
1749654836000000000,AAPL,XNAS,1.0028250217437744,100,401.0,BUY
1749654844000000000,AAPL,XNAS,1.0030763149261475,100,72.0,BUY
1749654850000000000,AAPL,XNAS,1.0025503635406494,100,100.0,SELL
1749654851000000000,AAPL,XNAS,1.0033228397369385,100,183.0,BUY
1749654864000000000,AAPL,XNAS,1.0033917427062988,100,72.0,BUY
1749654865000000000,AAPL,XNAS,1.003549575805664,100,75.0,SELL
1749654866000000000,AAPL,XNAS,1.004327416419983,100,58.0,BUY
1749654893000000000,AAPL,XNAS,1.003286600112915,100,400.0,SELL
1749654898000000000,AAPL,XNAS,1.0031814575195312,100,100.0,SELL
1749654900000000000,AAPL,XNAS,1.0032076835632324,100,200.0,SELL
1749654905000000000,AAPL,XNAS,1.0025503635406494,100,100.0,SELL
1749654908000000000,AAPL,XNAS,1.0033161640167236,100,214.0,SELL
1749654914000000000,AAPL,XNAS,1.0030237436294556,100,1.0,SELL
1749654927000000000,AAPL,XNAS,1.0033917427062988,100,200.0,BUY
1749654970000000000,AAPL,XNAS,1.0025874376296997,100,142.0,SELL
1749654984000000000,AAPL,XNAS,1.0025449991226196,100,206.0,SELL
1749655000000000000,AAPL,XNAS,1.0029184818267822,100,1.0,BUY
1749655010000000000,AAPL,XNAS,1.0024715662002563,100,200.0,SELL
1749655036000000000,AAPL,XNAS,1.0031288862228394,100,205.0,BUY
1749655050000000000,AAPL,XNAS,1.0025432109832764,100,409.0,SELL
1749655059000000000,AAPL,XNAS,1.0021096467971802,100,797.0,SELL
1749655060000000000,AAPL,XNAS,1.001918911933899,100,101.0,SELL
1749655061000000000,AAPL,XNAS,1.0018625259399414,100,207.0,SELL
1749655062000000000,AAPL,XNAS,1.001971960067749,100,100.0,BUY
1749655063000000000,AAPL,XNAS,1.001630187034607,100,2.0,SELL
1749655070000000000,AAPL,XNAS,1.001760482788086,100,230.0,BUY
1749655075000000000,AAPL,XNAS,1.0013935565948486,100,15.0,SELL
1749655081000000000,AAPL,XNAS,1.00226891040802,100,156.0,BUY
1749655121000000000,AAPL,XNAS,1.0027637481689453,100,106.0,SELL
1749655129000000000,AAPL,XNAS,1.0029710531234741,100,1.0,BUY
1749655148000000000,AAPL,XNAS,1.0041279792785645,100,1.0,BUY
1749655165000000000,AAPL,XNAS,1.0039702653884888,100,1.0,BUY
1749655169000000000,AAPL,XNAS,1.003602147102356,100,100.0,BUY
1749655183000000000,AAPL,XNAS,1.0042362213134766,100,70.0,BUY
1749655198000000000,AAPL,XNAS,1.0046457052230835,100,26.0,BUY
1749655211000000000,AAPL,XNAS,1.0000494718551636,100,110.0,SELL
1749655216000000000,AAPL,XNAS,1.0005974769592285,100,28.0,BUY
1749655223000000000,AAPL,XNAS,1.0009404420852661,100,4.0,SELL
1749655224000000000,AAPL,XNAS,1.0009899139404297,100,7.0,BUY
1749655271000000000,AAPL,XNAS,1.000246524810791,100,208.0,SELL
1749655276000000000,AAPL,XNAS,0.9997525215148926,100,25.0,SELL
1749655279000000000,AAPL,XNAS,0.9996388554573059,100,135.0,BUY
1749655288000000000,AAPL,XNAS,0.9989110827445984,100,27.0,SELL
1749655304000000000,AAPL,XNAS,0.998267650604248,100,90.0,SELL
1749655311000000000,AAPL,XNAS,0.998267650604248,100,1.0,BUY
1749655319000000000,AAPL,XNAS,0.998069703578949,100,2.0,SELL
1749655331000000000,AAPL,XNAS,0.9979212284088135,100,50.0,SELL
1749655332000000000,AAPL,XNAS,0.9977939128875732,100,35.0,SELL
1749655376000000000,AAPL,XNAS,0.9967333078384399,100,50.0,SELL
1749655377000000000,AAPL,XNAS,0.9965353608131409,100,7.0,BUY
1749655379000000000,AAPL,XNAS,0.9971112608909607,100,110.0,BUY
1749655381000000000,AAPL,XNAS,0.9974323511123657,100,219.0,BUY
1749655401000000000,AAPL,XNAS,0.9968323111534119,100,8.0,SELL
1749655419000000000,AAPL,XNAS,0.9977232217788696,100,48.0,BUY
1749655420000000000,AAPL,XNAS,0.9980944991111755,100,493.0,SELL
1749655434000000000,AAPL,XNAS,0.9978596568107605,100,410.0,BUY
1749655456000000000,AAPL,XNAS,0.9970303177833557,100,50.0,SELL
1749655532000000000,AAPL,XNAS,0.9980769753456116,100,406.0,SELL
1749655623000000000,AAPL,XNAS,0.9984656572341919,100,2.0,BUY
1749655651000000000,AAPL,XNAS,0.9984656572341919,100,2.0,BUY
1749655683000000000,AAPL,XNAS,0.9983171820640564,100,27.0,BUY
1749655698000000000,AAPL,XNAS,0.998663604259491,100,1.0,BUY
1749655719000000000,AAPL,XNAS,0.9975747466087341,100,6.0,SELL
1749655720000000000,AAPL,XNAS,0.9970701932907104,100,31.0,BUY
1749655726000000000,AAPL,XNAS,0.9967828392982483,100,50.0,SELL
1749655738000000000,AAPL,XNAS,0.9976833462715149,100,149.0,BUY
1749655744000000000,AAPL,XNAS,0.9967582821846008,100,210.0,SELL
1749655745000000000,AAPL,XNAS,0.9963868260383606,100,50.0,BUY
1749655784000000000,AAPL,XNAS,0.9967058897018433,100,119.0,BUY
1749655867000000000,AAPL,XNAS,0.9999369978904724,100,114.0,BUY
1749655868000000000,AAPL,XNAS,1.0000240802764893,100,85.0,BUY
1749655869000000000,AAPL,XNAS,0.9996868371963501,100,501.0,BUY
1749655870000000000,AAPL,XNAS,0.9996880292892456,100,101.0,SELL
1749655895000000000,AAPL,XNAS,0.9995901584625244,100,13.0,SELL
1749655910000000000,AAPL,XNAS,0.9995901584625244,100,5.0,UNKNOWN
1749655912000000000,AAPL,XNAS,0.9994454979896545,100,1.0,UNKNOWN
1749655913000000000,AAPL,XNAS,0.9993513226509094,100,21.0,BUY
1749655914000000000,AAPL,XNAS,0.9994454979896545,100,20.0,BUY
1749655931000000000,AAPL,XNAS,0.9995375275611877,100,11.0,SELL
1749655973000000000,AAPL,XNAS,0.9992043972015381,100,102.0,BUY
1749655976000000000,AAPL,XNAS,0.9991079568862915,100,10.0,BUY
1749655985000000000,AAPL,XNAS,0.998866856098175,100,100.0,UNKNOWN
1749655989000000000,AAPL,XNAS,0.998866856098175,100,1.0,BUY
1749656008000000000,AAPL,XNAS,0.9991079568862915,100,85.0,SELL
1749656033000000000,AAPL,XNAS,0.9991079568862915,100,9.0,BUY
1749656044000000000,AAPL,XNAS,0.9991079568862915,100,1.0,BUY
1749656047000000000,AAPL,XNAS,0.9992526173591614,100,100.0,BUY
1749656066000000000,AAPL,XNAS,0.9992043972015381,100,92.0,SELL
1749656090000000000,AAPL,XNAS,0.9994907975196838,100,33.0,BUY
1749656093000000000,AAPL,XNAS,0.999686598777771,100,44.0,BUY
1749656094000000000,AAPL,XNAS,0.9997348189353943,100,20.0,BUY
1749656101000000000,AAPL,XNAS,0.9997830390930176,100,1.0,BUY
1749656103000000000,AAPL,XNAS,0.9998312592506409,100,1.0,UNKNOWN
1749656146000000000,AAPL,XNAS,0.9999727010726929,100,30.0,SELL
1749656190000000000,AAPL,XNAS,1.0002362728118896,100,5.0,SELL
1749656224000000000,AAPL,XNAS,1.000313401222229,100,1.0,BUY
1749656266000000000,AAPL,XNAS,1.0000240802764893,100,114.0,BUY
1749656268000000000,AAPL,XNAS,0.9999759197235107,100,1.0,BUY
1749656330000000000,AAPL,XNAS,0.9997348189353943,100,298.0,SELL
1749656332000000000,AAPL,XNAS,0.9997830390930176,100,1.0,BUY
1749656333000000000,AAPL,XNAS,0.9998312592506409,100,23.0,SELL
1749656394000000000,AAPL,XNAS,0.9998794794082642,100,2.0,BUY
1749656400000000000,AAPL,XNAS,1.0002596378326416,100,25.0,SELL
1749656418000000000,AAPL,XNAS,1.0000560283660889,100,287.0,BUY
1749656424000000000,AAPL,XNAS,0.9999606609344482,100,30.0,BUY
1749656442000000000,AAPL,XNAS,1.000023603439331,100,257.0,SELL
1749656468000000000,AAPL,XNAS,1.0003068447113037,100,134.0,BUY
1749656471000000000,AAPL,XNAS,1.0004957914352417,100,2.0,BUY
1749656484000000000,AAPL,XNAS,1.000468134880066,100,171.0,BUY
1749656487000000000,AAPL,XNAS,1.0005747079849243,100,275.0,BUY
1749656489000000000,AAPL,XNAS,1.0007318258285522,100,40.0,BUY
1749656495000000000,AAPL,XNAS,1.0009678602218628,100,100.0,SELL
1749656503000000000,AAPL,XNAS,1.0011568069458008,100,3.0,SELL
1749656506000000000,AAPL,XNAS,1.0009363889694214,100,18.0,SELL
1749656516000000000,AAPL,XNAS,1.000613808631897,100,200.0,SELL
1749656540000000000,AAPL,XNAS,1.0001168251037598,100,119.0,SELL
1749656543000000000,AAPL,XNAS,1.0003541707992554,100,159.0,SELL
1749656569000000000,AAPL,XNAS,1.000637412071228,100,25.0,BUY
1749656584000000000,AAPL,XNAS,1.000590205192566,100,1.0,BUY
1749656597000000000,AAPL,XNAS,1.0008409023284912,100,148.0,BUY
1749656601000000000,AAPL,XNAS,1.0009206533432007,100,97.0,SELL
1749656608000000000,AAPL,XNAS,1.001274824142456,100,200.0,BUY
1749656614000000000,AAPL,XNAS,1.001251220703125,100,1.0,BUY
1749656615000000000,AAPL,XNAS,1.0010623931884766,100,104.0,BUY
1749656632000000000,AAPL,XNAS,1.0007790327072144,100,95.0,SELL
1749656655000000000,AAPL,XNAS,1.0010623931884766,100,205.0,BUY
1749656683000000000,AAPL,XNAS,1.0009856224060059,100,109.0,SELL
1749656684000000000,AAPL,XNAS,1.0008734464645386,100,300.0,SELL
1749656688000000000,AAPL,XNAS,1.0006145238876343,100,235.0,BUY
1749656702000000000,AAPL,XNAS,1.000590205192566,100,20.0,BUY
1749656728000000000,AAPL,XNAS,1.0004485845565796,100,108.0,BUY
1749656733000000000,AAPL,XNAS,1.0004485845565796,100,12.0,BUY
1749656739000000000,AAPL,XNAS,1.000505805015564,100,363.0,SELL
1749656746000000000,AAPL,XNAS,1.0008262395858765,100,2.0,BUY
1749656793000000000,AAPL,XNAS,1.000946044921875,100,190.0,BUY
1749656804000000000,AAPL,XNAS,1.0010623931884766,100,7.0,SELL
1749656826000000000,AAPL,XNAS,1.001298427581787,100,108.0,SELL
1749656863000000000,AAPL,XNAS,1.001298427581787,100,7.0,SELL
1749656869000000000,AAPL,XNAS,1.0015732049942017,100,189.0,SELL
1749656870000000000,AAPL,XNAS,1.0016762018203735,100,8.0,BUY
1749656876000000000,AAPL,XNAS,1.0017706155776978,100,100.0,SELL
1749656878000000000,AAPL,XNAS,1.0016762018203735,100,100.0,BUY
1749656879000000000,AAPL,XNAS,1.0016762018203735,100,40.0,BUY
1749656881000000000,AAPL,XNAS,1.001163363456726,100,316.0,SELL
1749656889000000000,AAPL,XNAS,1.0010623931884766,100,2.0,SELL
1749656890000000000,AAPL,XNAS,1.0010151863098145,100,9.0,SELL
1749656894000000000,AAPL,XNAS,1.0009206533432007,100,2.0,SELL
1749656930000000000,AAPL,XNAS,1.000637412071228,100,12.0,SELL
1749656931000000000,AAPL,XNAS,1.000590205192566,100,196.0,SELL
1749656932000000000,AAPL,XNAS,1.0005429983139038,100,2.0,UNKNOWN
1749656934000000000,AAPL,XNAS,1.0004485845565796,100,60.0,SELL
1749656935000000000,AAPL,XNAS,1.0004013776779175,100,100.0,BUY
1749656936000000000,AAPL,XNAS,1.0002124309539795,100,100.0,SELL
1749656937000000000,AAPL,XNAS,1.0000711679458618,100,144.0,SELL
1749656938000000000,AAPL,XNAS,1.0004485845565796,100,186.0,BUY
1749656939000000000,AAPL,XNAS,1.0004485845565796,100,100.0,BUY
1749656942000000000,AAPL,XNAS,1.0004485845565796,100,172.0,SELL
1749656948000000000,AAPL,XNAS,1.000775694847107,100,323.0,SELL
1749656951000000000,AAPL,XNAS,1.0008262395858765,100,100.0,SELL
1749656963000000000,AAPL,XNAS,1.001204013824463,100,154.0,SELL
1749656984000000000,AAPL,XNAS,1.001204013824463,100,7.0,UNKNOWN
1749656998000000000,AAPL,XNAS,1.0010104179382324,100,273.0,BUY
1749657057000000000,AAPL,XNAS,1.000951886177063,100,1.0,BUY
1749657060000000000,AAPL,XNAS,1.000951886177063,100,1.0,BUY
1749657064000000000,AAPL,XNAS,1.0006186962127686,100,100.0,SELL
1749657146000000000,AAPL,XNAS,1.0003485679626465,100,148.0,BUY
1749657154000000000,AAPL,XNAS,1.0002073049545288,100,368.0,SELL
1749657162000000000,AAPL,XNAS,1.000868558883667,100,4.0,BUY
1749657195000000000,AAPL,XNAS,1.0012849569320679,100,311.0,SELL
1749657198000000000,AAPL,XNAS,1.0015228986740112,100,3.0,SELL
1749657254000000000,AAPL,XNAS,1.002094030380249,100,282.0,SELL
1749657284000000000,AAPL,XNAS,1.002522349357605,100,187.0,BUY
1749657285000000000,AAPL,XNAS,1.002617597579956,100,91.0,BUY
1749657301000000000,AAPL,XNAS,1.0027127265930176,100,1.0,BUY
1749657326000000000,AAPL,XNAS,1.0026651620864868,100,6.0,BUY
1749657342000000000,AAPL,XNAS,1.0020464658737183,100,500.0,BUY
1749657353000000000,AAPL,XNAS,1.001665711402893,100,100.0,UNKNOWN
1749657355000000000,AAPL,XNAS,1.0014877319335938,100,115.0,SELL
1749657356000000000,AAPL,XNAS,1.001530647277832,100,124.0,SELL
1749657360000000000,AAPL,XNAS,1.0016181468963623,100,1.0,UNKNOWN
1749657371000000000,AAPL,XNAS,1.0018948316574097,100,194.0,SELL
1749657424000000000,AAPL,XNAS,1.0020138025283813,100,204.0,SELL
1749657427000000000,AAPL,XNAS,1.0017608404159546,100,100.0,SELL
1749657428000000000,AAPL,XNAS,1.001665711402893,100,100.0,BUY
1749657440000000000,AAPL,XNAS,1.0019512176513672,100,1.0,BUY
1749657468000000000,AAPL,XNAS,1.0019512176513672,100,1.0,BUY
1749657523000000000,AAPL,XNAS,1.0015705823898315,100,200.0,BUY
1749657524000000000,AAPL,XNAS,1.0014013051986694,100,228.0,SELL
1749657530000000000,AAPL,XNAS,1.0013325214385986,100,1.0,BUY
1749657533000000000,AAPL,XNAS,1.0013325214385986,100,1.0,BUY
1749657542000000000,AAPL,XNAS,1.0009994506835938,100,14.0,BUY
1749657585000000000,AAPL,XNAS,1.001183032989502,100,21.0,BUY
1749657611000000000,AAPL,XNAS,1.000486135482788,100,6.0,BUY
1749657612000000000,AAPL,XNAS,1.0002790689468384,100,273.0,BUY
1749657618000000000,AAPL,XNAS,1.000486135482788,100,10.0,BUY
1749657619000000000,AAPL,XNAS,1.000537395477295,100,240.0,BUY
1749657627000000000,AAPL,XNAS,0.9999744296073914,100,201.0,SELL
1749657641000000000,AAPL,XNAS,1.000486135482788,100,2.0,BUY
1749657651000000000,AAPL,XNAS,1.000486135482788,100,11.0,BUY
1749657677000000000,AAPL,XNAS,1.0003838539123535,100,1.0,BUY
1749657701000000000,AAPL,XNAS,0.9999656677246094,100,257.0,SELL
1749657738000000000,AAPL,XNAS,1.000537395477295,100,1.0,BUY
1749657754000000000,AAPL,XNAS,1.0005885362625122,100,10.0,BUY
1749657791000000000,AAPL,XNAS,1.000793218612671,100,1.0,BUY
1749657814000000000,AAPL,XNAS,1.0003093481063843,100,44.0,BUY
1749657836000000000,AAPL,XNAS,1.0000642538070679,100,41.0,BUY
1749657865000000000,AAPL,XNAS,0.9997166395187378,100,107.0,SELL
1749657949000000000,AAPL,XNAS,1.0002814531326294,100,240.0,SELL
1749657950000000000,AAPL,XNAS,1.0002814531326294,100,1.0,BUY
1749657997000000000,AAPL,XNAS,1.000537395477295,100,200.0,SELL
1749658001000000000,AAPL,XNAS,1.0005885362625122,100,17.0,UNKNOWN
1749658002000000000,AAPL,XNAS,1.0004349946975708,100,1.0,SELL
1749658005000000000,AAPL,XNAS,1.000486135482788,100,1.0,SELL
1749658059000000000,AAPL,XNAS,1.0005885362625122,100,17.0,SELL
1749658117000000000,AAPL,XNAS,1.0002814531326294,100,12.0,SELL
1749658122000000000,AAPL,XNAS,1.0005855560302734,100,17.0,SELL
1749658135000000000,AAPL,XNAS,1.0001307725906372,100,219.0,SELL
1749658145000000000,AAPL,XNAS,1.000127911567688,100,94.0,SELL
1749658182000000000,AAPL,XNAS,1.000486135482788,100,1.0,BUY
1749658196000000000,AAPL,XNAS,1.000022053718567,100,191.0,SELL
1749658233000000000,AAPL,XNAS,1.0143345594406128,101,448.0,BUY
1749658234000000000,AAPL,XNAS,1.0145281553268433,101,100.0,BUY
1749658237000000000,AAPL,XNAS,1.0123145580291748,101,461.0,BUY
1749658279000000000,AAPL,XNAS,1.012668490409851,101,100.0,SELL
1749658283000000000,AAPL,XNAS,1.0151673555374146,102,101.0,SELL
1749658411000000000,AAPL,XNAS,1.0205137729644775,102,3.0,BUY
1749658487000000000,AAPL,XNAS,1.01506769657135,102,1120.0,BUY
1749658533000000000,AAPL,XNAS,1.0156272649765015,102,454.0,SELL
1749658573000000000,AAPL,XNAS,1.0142956972122192,101,24.0,SELL
1749658576000000000,AAPL,XNAS,1.0142956972122192,101,76.0,SELL
1749658641000000000,AAPL,XNAS,1.0162134170532227,102,1.0,UNKNOWN
1749658668000000000,AAPL,XNAS,1.0169126987457275,102,30.0,BUY
1749658696000000000,AAPL,XNAS,1.0163296461105347,102,100.0,BUY
1749658744000000000,AAPL,XNAS,1.0153417587280273,102,1.0,SELL
1749658785000000000,AAPL,XNAS,1.012203574180603,101,90.0,SELL
1749658786000000000,AAPL,XNAS,1.0123037099838257,101,418.0,SELL
1749658861000000000,AAPL,XNAS,1.0062333345413208,101,100.0,BUY
1749658879000000000,AAPL,XNAS,1.0062333345413208,101,1.0,BUY
1749658884000000000,AAPL,XNAS,1.0062333345413208,101,3.0,BUY
1749658903000000000,AAPL,XNAS,1.0011873245239258,100,9.0,SELL
1749658914000000000,AAPL,XNAS,1.0062333345413208,101,3.0,BUY
1749658927000000000,AAPL,XNAS,1.007084608078003,101,766.0,BUY
1749658950000000000,AAPL,XNAS,1.0073612928390503,101,6.0,BUY
1749658958000000000,AAPL,XNAS,1.0093703269958496,101,453.0,SELL
1749658959000000000,AAPL,XNAS,1.010923147201538,101,2.0,BUY
1749658960000000000,AAPL,XNAS,1.010923147201538,101,2.0,BUY
1749658969000000000,AAPL,XNAS,1.0083643198013306,101,619.0,BUY
1749659040000000000,AAPL,XNAS,1.009676456451416,101,3.0,BUY
1749659050000000000,AAPL,XNAS,1.009676456451416,101,5.0,BUY
1749659060000000000,AAPL,XNAS,1.0092015266418457,101,20.0,BUY
1749659135000000000,AAPL,XNAS,1.006470799446106,101,100.0,BUY
1749659145000000000,AAPL,XNAS,1.0063520669937134,101,15.0,BUY
1749659228000000000,AAPL,XNAS,1.0061146020889282,101,10.0,SELL
1749659262000000000,AAPL,XNAS,1.0119688510894775,101,301.0,SELL
1749659270000000000,AAPL,XNAS,1.01121985912323,101,501.0,BUY
1749659379000000000,AAPL,XNAS,1.011932373046875,101,34.0,BUY
1749659400000000000,AAPL,XNAS,1.000717043876648,100,303.0,SELL
1749659430000000000,AAPL,XNAS,1.0007944107055664,100,6.0,BUY
1749659447000000000,AAPL,XNAS,1.000640630722046,100,1.0,BUY
1749659454000000000,AAPL,XNAS,1.0008968114852905,100,15.0,BUY
1749659495000000000,AAPL,XNAS,1.0010762214660645,100,20.0,SELL
1749659501000000000,AAPL,XNAS,1.0012556314468384,100,1.0,SELL
1749659537000000000,AAPL,XNAS,1.001473307609558,100,109.0,SELL
1749659564000000000,AAPL,XNAS,1.0019047260284424,100,3.0,BUY
1749659566000000000,AAPL,XNAS,1.0020242929458618,100,1.0,BUY
1749659568000000000,AAPL,XNAS,1.0016406774520874,100,206.0,BUY
1749659639000000000,AAPL,XNAS,1.001226782798767,100,155.0,SELL
1749659681000000000,AAPL,XNAS,1.001358151435852,100,1.0,SELL
1749659711000000000,AAPL,XNAS,1.0012043714523315,100,8.0,SELL
1749659719000000000,AAPL,XNAS,1.0014605522155762,100,1.0,SELL
1749659798000000000,AAPL,XNAS,1.0015630722045898,100,1.0,SELL
1749659809000000000,AAPL,XNAS,1.001349925994873,100,125.0,SELL
1749659810000000000,AAPL,XNAS,1.001155972480774,100,90.0,SELL
1749659834000000000,AAPL,XNAS,1.000777244567871,100,9.0,SELL
1749659872000000000,AAPL,XNAS,1.0008456707000732,100,201.0,SELL
1749659879000000000,AAPL,XNAS,1.0007944107055664,100,20.0,SELL
1749659880000000000,AAPL,XNAS,1.000640630722046,100,13.0,SELL
1749659890000000000,AAPL,XNAS,1.0008623600006104,100,297.0,SELL
1749659891000000000,AAPL,XNAS,1.000640630722046,100,22.0,SELL
1749659942000000000,AAPL,XNAS,1.0011157989501953,100,11.0,BUY
1749659945000000000,AAPL,XNAS,1.0012043714523315,100,100.0,BUY
1749659978000000000,AAPL,XNAS,1.0009993314743042,100,204.0,BUY
1749660022000000000,AAPL,XNAS,0.9995773434638977,100,4.0,BUY
1749660082000000000,AAPL,XNAS,0.9996243119239807,100,4.0,BUY
1749660099000000000,AAPL,XNAS,0.9997182488441467,100,201.0,BUY
1749660108000000000,AAPL,XNAS,0.999953031539917,100,1.0,BUY
1749660264000000000,AAPL,XNAS,0.9987310171127319,100,235.0,SELL
1749660294000000000,AAPL,XNAS,0.9988595843315125,100,141.0,BUY
1749660313000000000,AAPL,XNAS,0.9992486238479614,100,120.0,BUY
1749660330000000000,AAPL,XNAS,0.9990607500076294,100,1.0,SELL
1749660331000000000,AAPL,XNAS,0.9990137815475464,100,10.0,SELL
1749660347000000000,AAPL,XNAS,0.9990137815475464,100,10.0,SELL
1749660382000000000,AAPL,XNAS,0.9990607500076294,100,2.0,SELL
1749660383000000000,AAPL,XNAS,0.9993894696235657,100,2.0,BUY
1749660384000000000,AAPL,XNAS,0.9990607500076294,100,20.0,BUY
1749660408000000000,AAPL,XNAS,0.9984502792358398,100,186.0,SELL
1749660425000000000,AAPL,XNAS,0.9986380934715271,100,1.0,SELL
1749660442000000000,AAPL,XNAS,0.9990607500076294,100,2.0,BUY
1749660457000000000,AAPL,XNAS,0.9990607500076294,100,1.0,BUY
1749660489000000000,AAPL,XNAS,0.9997175335884094,100,531.0,SELL
1749660490000000000,AAPL,XNAS,1.0004135370254517,100,216.0,BUY
1749660499000000000,AAPL,XNAS,1.0008909702301025,100,397.0,SELL
1749660502000000000,AAPL,XNAS,1.0013148784637451,100,3.0,SELL
1749660543000000000,AAPL,XNAS,1.000797986984253,100,431.0,SELL
1749660600000000000,AAPL,XNAS,1.0005699396133423,100,1.0,BUY
1749660659000000000,AAPL,XNAS,1.0005699396133423,100,1.0,BUY
1749660720000000000,AAPL,XNAS,1.0009325742721558,100,1.0,SELL
1749660728000000000,AAPL,XNAS,1.0006216764450073,100,21.0,SELL
1749660773000000000,AAPL,XNAS,1.0004633665084839,100,487.0,BUY
1749660832000000000,AAPL,XNAS,1.0002777576446533,100,47.0,SELL
1749660840000000000,AAPL,XNAS,1.0003626346588135,100,1.0,SELL
1749660864000000000,AAPL,XNAS,1.0008124113082886,100,297.0,SELL
1749660874000000000,AAPL,XNAS,1.000466227531433,100,28.0,SELL
1749660885000000000,AAPL,XNAS,1.0007771253585815,100,2.0,SELL
1749660899000000000,AAPL,XNAS,1.000725269317627,100,2.0,SELL
1749660927000000000,AAPL,XNAS,1.0005097389221191,100,125.0,SELL
1749660937000000000,AAPL,XNAS,1.0003108978271484,100,5.0,SELL
1749660942000000000,AAPL,XNAS,0.9999067187309265,100,25.0,SELL
1749660945000000000,AAPL,XNAS,0.999733567237854,100,7.0,SELL
1749660946000000000,AAPL,XNAS,0.9995902180671692,100,11.0,SELL
1749660956000000000,AAPL,XNAS,0.9995337128639221,100,2.0,SELL
1749660959000000000,AAPL,XNAS,0.9993565082550049,100,57.0,BUY
1749660961000000000,AAPL,XNAS,0.9991710782051086,100,2.0,SELL
1749660962000000000,AAPL,XNAS,0.9991192817687988,100,1.0,SELL
1749660972000000000,AAPL,XNAS,0.9991192817687988,100,4.0,SELL
1749660973000000000,AAPL,XNAS,0.9990674257278442,100,32.0,SELL
1749660990000000000,AAPL,XNAS,0.9990156292915344,100,5.0,SELL
1749661000000000000,AAPL,XNAS,0.9993783235549927,100,101.0,SELL
1749661003000000000,AAPL,XNAS,0.999792754650116,100,200.0,SELL
1749661016000000000,AAPL,XNAS,1.0001035928726196,100,3.0,BUY
1749661021000000000,AAPL,XNAS,1.0001035928726196,100,1.0,BUY
1749661026000000000,AAPL,XNAS,1.0003626346588135,100,100.0,BUY
1749661080000000000,AAPL,XNAS,1.0001554489135742,100,1.0,BUY
1749661140000000000,AAPL,XNAS,1.0001554489135742,100,2.0,UNKNOWN
1749661142000000000,AAPL,XNAS,0.9998964071273804,100,1.0,SELL
1749661143000000000,AAPL,XNAS,1.0001035928726196,100,1.0,BUY
1749661200000000000,AAPL,XNAS,0.9977044463157654,100,8.0,BUY
1749661209000000000,AAPL,XNAS,0.9976682066917419,100,496.0,SELL
1749661214000000000,AAPL,XNAS,0.9979921579360962,100,3.0,BUY
1749661235000000000,AAPL,XNAS,0.9980900883674622,100,2.0,SELL
1749661246000000000,AAPL,XNAS,0.9982370138168335,100,1.0,SELL
1749661262000000000,AAPL,XNAS,0.9981390833854675,100,4.0,BUY
1749661272000000000,AAPL,XNAS,0.9984329342842102,100,77.0,SELL
1749661376000000000,AAPL,XNAS,0.999363362789154,100,150.0,SELL
1749661380000000000,AAPL,XNAS,0.999111533164978,100,7.0,SELL
1749661403000000000,AAPL,XNAS,0.9990695118904114,100,3.0,SELL
1749661415000000000,AAPL,XNAS,0.9990205764770508,100,5.0,UNKNOWN
1749661497000000000,AAPL,XNAS,0.9992654323577881,100,183.0,SELL
1749661500000000000,AAPL,XNAS,0.9986453652381897,100,148.0,BUY
1749661505000000000,AAPL,XNAS,0.9982860088348389,100,2.0,BUY
1749661509000000000,AAPL,XNAS,0.9982860088348389,100,26.0,BUY
1749661511000000000,AAPL,XNAS,0.9982860088348389,100,61.0,SELL
1749661579000000000,AAPL,XNAS,0.9980900883674622,100,3.0,BUY
1749661604000000000,AAPL,XNAS,0.9985706210136414,100,379.0,SELL
1749661630000000000,AAPL,XNAS,0.9992164373397827,100,18.0,BUY
1749661636000000000,AAPL,XNAS,0.9992164373397827,100,2.0,SELL
1749661760000000000,AAPL,XNAS,0.9998041391372681,100,86.0,SELL
1749661786000000000,AAPL,XNAS,0.9998530745506287,100,1.0,BUY
1749661820000000000,AAPL,XNAS,1.0030544996261597,100,1.0,BUY
1749661900000000000,AAPL,XNAS,1.003547191619873,100,60.0,BUY
1749661925000000000,AAPL,XNAS,1.003547191619873,100,100.0,SELL
1749661931000000000,AAPL,XNAS,1.0035964250564575,100,1.0,SELL
1749661935000000000,AAPL,XNAS,1.0039469003677368,100,114.0,SELL
1749661973000000000,AAPL,XNAS,1.0035964250564575,100,3.0,SELL
1749661987000000000,AAPL,XNAS,1.003497838973999,100,1.0,SELL
1749661993000000000,AAPL,XNAS,1.003941297531128,100,4.0,BUY
1749662011000000000,AAPL,XNAS,1.0040397644042969,100,20.0,BUY
1749662054000000000,AAPL,XNAS,1.0043846368789673,100,3.0,BUY
1749662060000000000,AAPL,XNAS,1.004089117050171,100,200.0,SELL
1749662113000000000,AAPL,XNAS,1.0041875839233398,100,1.0,SELL
1749662154000000000,AAPL,XNAS,1.0047295093536377,100,1.0,SELL
1749662208000000000,AAPL,XNAS,1.0046802759170532,100,1.0,BUY
1749662210000000000,AAPL,XNAS,1.0041875839233398,100,5.0,SELL
1749662244000000000,AAPL,XNAS,1.0041383504867554,100,4.0,SELL
1749662306000000000,AAPL,XNAS,1.0043354034423828,100,1.0,SELL
1749662340000000000,AAPL,XNAS,1.0049265623092651,100,428.0,SELL
1749662346000000000,AAPL,XNAS,1.0052714347839355,101,100.0,BUY
1749662400000000000,AAPL,XNAS,0.9976073503494263,100,302.0,BUY
1749662407000000000,AAPL,XNAS,0.9968789219856262,100,11.0,BUY
1749662408000000000,AAPL,XNAS,0.9967748522758484,100,1.0,SELL
1749662445000000000,AAPL,XNAS,0.9967228174209595,100,1.0,SELL
1749662461000000000,AAPL,XNAS,0.9973036050796509,100,304.0,SELL
1749662470000000000,AAPL,XNAS,0.9972950220108032,100,2.0,SELL
1749662510000000000,AAPL,XNAS,0.9976591467857361,100,10.0,BUY
1749662511000000000,AAPL,XNAS,0.997711181640625,100,165.0,BUY
1749662514000000000,AAPL,XNAS,0.9970349669456482,100,85.0,BUY
1749662590000000000,AAPL,XNAS,0.9971389770507812,100,2.0,BUY
1749662600000000000,AAPL,XNAS,0.9978152513504028,100,2.0,BUY
1749662614000000000,AAPL,XNAS,0.9980093240737915,100,410.0,BUY
1749662616000000000,AAPL,XNAS,0.9981273412704468,100,1.0,BUY
1749662626000000000,AAPL,XNAS,0.9985798001289368,100,248.0,SELL
1749662652000000000,AAPL,XNAS,0.9987515807151794,100,2.0,BUY
1749662661000000000,AAPL,XNAS,0.9982011914253235,100,119.0,SELL
1749662726000000000,AAPL,XNAS,0.9980753064155579,100,1.0,BUY
1749662770000000000,AAPL,XNAS,0.997867226600647,100,2.0,SELL
1749662835000000000,AAPL,XNAS,0.99745112657547,100,42.0,SELL
1749662867000000000,AAPL,XNAS,0.9982084631919861,100,570.0,SELL
1749662931000000000,AAPL,XNAS,0.9980694055557251,100,307.0,BUY
1749662932000000000,AAPL,XNAS,0.9974215030670166,100,202.0,BUY
1749662973000000000,AAPL,XNAS,0.997867226600647,100,288.0,SELL
1749662976000000000,AAPL,XNAS,0.9981273412704468,100,10.0,BUY
1749663015000000000,AAPL,XNAS,1.0016857385635376,100,100.0,BUY
1749663031000000000,AAPL,XNAS,1.0016857385635376,100,100.0,BUY
1749663053000000000,AAPL,XNAS,0.9997863173484802,100,15.0,BUY
1749663257000000000,AAPL,XNAS,1.001020908355713,100,200.0,BUY
1749663292000000000,AAPL,XNAS,1.0018757581710815,100,1.0,BUY
1749663344000000000,AAPL,XNAS,0.9992894530296326,100,151.0,BUY
1749663387000000000,AAPL,XNAS,0.9991214871406555,100,10.0,BUY
1749663411000000000,AAPL,XNAS,0.999596357345581,100,12.0,BUY
1749663423000000000,AAPL,XNAS,0.9997863173484802,100,10.0,BUY
1749663449000000000,AAPL,XNAS,0.9992639422416687,100,100.0,BUY
1749663517000000000,AAPL,XNAS,0.9991689920425415,100,19.0,SELL
1749663560000000000,AAPL,XNAS,0.999184787273407,100,300.0,SELL
1749663621000000000,AAPL,XNAS,1.0002985000610352,100,5.0,BUY
1749663642000000000,AAPL,XNAS,1.000385046005249,100,15.0,BUY
1749663648000000000,AAPL,XNAS,1.0002888441085815,100,1.0,BUY
1749663700000000000,AAPL,XNAS,1.000144362449646,100,389.0,SELL
1749663706000000000,AAPL,XNAS,0.9999518394470215,100,89.0,BUY
1749663734000000000,AAPL,XNAS,0.9997111558914185,100,314.0,SELL
1749663738000000000,AAPL,XNAS,0.9994945526123047,100,20.0,UNKNOWN
1749663752000000000,AAPL,XNAS,0.9992779493331909,100,3.0,SELL
1749663766000000000,AAPL,XNAS,0.9992779493331909,100,10.0,BUY
1749663808000000000,AAPL,XNAS,0.9990372657775879,100,210.0,BUY
1749663814000000000,AAPL,XNAS,0.9987965822219849,100,100.0,UNKNOWN
1749663826000000000,AAPL,XNAS,0.9989804625511169,100,245.0,SELL
1749664002000000000,AAPL,XNAS,0.9988446831703186,100,1.0,BUY
1749664006000000000,AAPL,XNAS,0.9986521601676941,100,10.0,UNKNOWN
1749664009000000000,AAPL,XNAS,0.9985551834106445,100,213.0,SELL
1749664027000000000,AAPL,XNAS,0.9986570477485657,100,207.0,BUY
1749664058000000000,AAPL,XNAS,0.9985077381134033,100,7.0,BUY
1749664068000000000,AAPL,XNAS,0.9982189536094666,100,110.0,BUY
1749664086000000000,AAPL,XNAS,0.9982670545578003,100,35.0,BUY
1749664127000000000,AAPL,XNAS,0.9977856874465942,100,100.0,BUY
1749664160000000000,AAPL,XNAS,0.9972080588340759,100,10.0,BUY
1749664175000000000,AAPL,XNAS,0.997090756893158,100,447.0,SELL
1749664247000000000,AAPL,XNAS,1.000421404838562,100,90.0,SELL
1749664248000000000,AAPL,XNAS,1.000327706336975,100,1.0,BUY
1749664260000000000,AAPL,XNAS,1.0008426904678345,100,98.0,BUY
1749664274000000000,AAPL,XNAS,1.0009832382202148,100,1.0,SELL
1749664312000000000,AAPL,XNAS,1.0011953115463257,100,32.0,BUY
1749664363000000000,AAPL,XNAS,1.0009832382202148,100,1.0,BUY
1749664465000000000,AAPL,XNAS,1.0001872777938843,100,6.0,BUY
1749664552000000000,AAPL,XNAS,0.9998322129249573,100,12.0,BUY
1749664602000000000,AAPL,XNAS,0.9992961287498474,100,59.0,BUY
1749664620000000000,AAPL,XNAS,0.999344527721405,100,1.0,BUY
1749664662000000000,AAPL,XNAS,0.9990636110305786,100,1.0,BUY
1749664693000000000,AAPL,XNAS,0.9992977380752563,100,69.0,BUY
1749664724000000000,AAPL,XNAS,0.9983530044555664,100,112.0,BUY
1749664791000000000,AAPL,XNAS,0.997471809387207,100,1.0,BUY
1749664839000000000,AAPL,XNAS,0.9997387528419495,100,5.0,SELL
1749664876000000000,AAPL,XNAS,0.9999287724494934,100,1.0,BUY
1749664937000000000,AAPL,XNAS,0.9997862577438354,100,1.0,SELL
1749664957000000000,AAPL,XNAS,1.0004512071609497,100,103.0,BUY
1749664958000000000,AAPL,XNAS,1.0000237226486206,100,200.0,BUY
1749664966000000000,AAPL,XNAS,0.9999263882637024,100,101.0,BUY
1749664980000000000,AAPL,XNAS,0.9999287724494934,100,1.0,BUY
1749664994000000000,AAPL,XNAS,0.999853253364563,100,621.0,SELL
1749665000000000000,AAPL,XNAS,0.9993537068367004,100,234.0,BUY
1749665008000000000,AAPL,XNAS,0.9985634088516235,100,150.0,BUY
1749665040000000000,AAPL,XNAS,0.9978960752487183,100,113.0,BUY
1749665080000000000,AAPL,XNAS,0.9954324960708618,100,300.0,SELL
1749665129000000000,AAPL,XNAS,0.9965850114822388,100,695.0,SELL
1749665130000000000,AAPL,XNAS,0.9978864192962646,100,1.0,BUY
1749665157000000000,AAPL,XNAS,0.996889054775238,100,200.0,BUY
1749665209000000000,AAPL,XNAS,0.9956297874450684,100,195.0,SELL
1749665231000000000,AAPL,XNAS,0.9956102967262268,100,155.0,BUY
1749665266000000000,AAPL,XNAS,0.9949365854263306,99,260.0,BUY
1749665268000000000,AAPL,XNAS,0.9950841665267944,100,200.0,BUY
1749665296000000000,AAPL,XNAS,0.9957016110420227,100,204.0,BUY
1749665303000000000,AAPL,XNAS,0.9951316714286804,100,202.0,BUY
1749665311000000000,AAPL,XNAS,0.9953793883323669,100,209.0,SELL
1749665325000000000,AAPL,XNAS,0.9961766004562378,100,10.0,BUY
1749665326000000000,AAPL,XNAS,0.9964354634284973,100,400.0,BUY
1749665354000000000,AAPL,XNAS,0.9971740245819092,100,100.0,SELL
1749665369000000000,AAPL,XNAS,0.9972214698791504,100,1.0,SELL
1749665387000000000,AAPL,XNAS,0.9971740245819092,100,3.0,SELL
1749665397000000000,AAPL,XNAS,0.9971327781677246,100,453.0,SELL
1749665414000000000,AAPL,XNAS,0.9994783997535706,100,1.0,SELL
1749665416000000000,AAPL,XNAS,0.9990516304969788,100,4.0,SELL
1749665473000000000,AAPL,XNAS,0.9992887377738953,100,1.0,BUY
1749665494000000000,AAPL,XNAS,0.9987332820892334,100,28.0,SELL
1749665495000000000,AAPL,XNAS,0.9985774755477905,100,20.0,SELL
1749665533000000000,AAPL,XNAS,0.9990042448043823,100,1.0,SELL
1749665534000000000,AAPL,XNAS,0.9989567995071411,100,20.0,SELL
1749665535000000000,AAPL,XNAS,0.9987671375274658,100,2.0,SELL
1749665593000000000,AAPL,XNAS,0.9989094138145447,100,1.0,SELL
1749665637000000000,AAPL,XNAS,0.9994309544563293,100,101.0,BUY
1749665713000000000,AAPL,XNAS,0.9994783997535706,100,1.0,SELL
1749665769000000000,AAPL,XNAS,0.9991798400878906,100,233.0,BUY
1749665800000000000,AAPL,XNAS,0.998624861240387,100,105.0,SELL
1749665831000000000,AAPL,XNAS,0.9985286593437195,100,207.0,SELL
1749665835000000000,AAPL,XNAS,0.998340368270874,100,10.0,SELL
1749665857000000000,AAPL,XNAS,0.998340368270874,100,5.0,SELL
1749665871000000000,AAPL,XNAS,0.998340368270874,100,8.0,SELL
1749665887000000000,AAPL,XNAS,0.9981032609939575,100,100.0,BUY
1749665927000000000,AAPL,XNAS,0.9985300302505493,100,10.0,SELL
1749666012000000000,AAPL,XNAS,1.0030946731567383,100,200.0,UNKNOWN
1749666074000000000,AAPL,XNAS,1.003456711769104,100,521.0,BUY
1749666130000000000,AAPL,XNAS,1.003519892692566,100,85.0,BUY
1749666153000000000,AAPL,XNAS,1.003049612045288,100,21.0,BUY
1749666169000000000,AAPL,XNAS,1.0034735202789307,100,101.0,SELL
1749666223000000000,AAPL,XNAS,1.0038033723831177,100,1.0,SELL
1749666224000000000,AAPL,XNAS,1.0040868520736694,100,1.0,UNKNOWN
1749666243000000000,AAPL,XNAS,1.004512071609497,100,100.0,SELL
1749666251000000000,AAPL,XNAS,1.0049372911453247,100,1.0,BUY
1749666254000000000,AAPL,XNAS,1.0049372911453247,100,1.0,SELL
1749666255000000000,AAPL,XNAS,1.0049844980239868,100,1.0,BUY
1749666260000000000,AAPL,XNAS,1.0052679777145386,101,102.0,BUY
1749666262000000000,AAPL,XNAS,1.0052679777145386,101,20.0,BUY
1749666300000000000,AAPL,XNAS,1.0054570436477661,101,16.0,BUY
1749666310000000000,AAPL,XNAS,1.0054556131362915,101,202.0,SELL
1749666314000000000,AAPL,XNAS,1.0058822631835938,101,2.0,BUY
1749666324000000000,AAPL,XNAS,1.0060712099075317,101,5.0,BUY
1749666371000000000,AAPL,XNAS,1.0063546895980835,101,1.0,BUY
1749666424000000000,AAPL,XNAS,1.0064492225646973,101,1.0,BUY
1749666427000000000,AAPL,XNAS,1.0064492225646973,101,1.0,BUY
1749666429000000000,AAPL,XNAS,1.0064520835876465,101,128.0,BUY
1749666430000000000,AAPL,XNAS,1.0061529874801636,101,26.0,BUY
1749666446000000000,AAPL,XNAS,1.0063546895980835,101,103.0,SELL
1749666487000000000,AAPL,XNAS,1.0064964294433594,101,1.0,UNKNOWN
1749666507000000000,AAPL,XNAS,1.0061184167861938,101,304.0,SELL
1749666508000000000,AAPL,XNAS,1.0063546895980835,101,100.0,SELL
1749666527000000000,AAPL,XNAS,1.0065909624099731,101,1.0,SELL
1749666548000000000,AAPL,XNAS,1.0067799091339111,101,1.0,BUY
1749666557000000000,AAPL,XNAS,1.0064964294433594,101,1.0,SELL
1749666579000000000,AAPL,XNAS,1.0061591863632202,101,123.0,BUY
1749666580000000000,AAPL,XNAS,1.0061657428741455,101,1.0,BUY
1749666585000000000,AAPL,XNAS,1.0062837600708008,101,2.0,BUY
1749666596000000000,AAPL,XNAS,1.005834937095642,101,116.0,SELL
1749666629000000000,AAPL,XNAS,1.0000742673873901,100,136.0,SELL
1749666653000000000,AAPL,XNAS,1.0002985000610352,100,5.0,BUY
1749666658000000000,AAPL,XNAS,0.9998005032539368,100,91.0,SELL
1749666667000000000,AAPL,XNAS,0.999552309513092,100,2.0,SELL
1749666668000000000,AAPL,XNAS,0.999552309513092,100,112.0,BUY
1749666679000000000,AAPL,XNAS,0.9995025992393494,100,25.0,BUY
1749666730000000000,AAPL,XNAS,0.9999525547027588,100,130.0,SELL
1749666747000000000,AAPL,XNAS,1.0006414651870728,100,58.0,BUY
1749666748000000000,AAPL,XNAS,1.0006964206695557,100,3.0,BUY
1749666793000000000,AAPL,XNAS,1.0008455514907837,100,9.0,BUY
1749666794000000000,AAPL,XNAS,1.0010943412780762,100,16.0,BUY
1749666838000000000,AAPL,XNAS,1.0003979206085205,100,360.0,SELL
1749666846000000000,AAPL,XNAS,1.0003979206085205,100,100.0,SELL
1749666866000000000,AAPL,XNAS,1.0003979206085205,100,17.0,SELL
1749667011000000000,AAPL,XNAS,1.000547170639038,100,21.0,SELL
1749667064000000000,AAPL,XNAS,1.001341700553894,100,295.0,BUY
1749667078000000000,AAPL,XNAS,1.0005203485488892,100,395.0,BUY
1749667081000000000,AAPL,XNAS,0.9998010396957397,100,739.0,BUY
1749667101000000000,AAPL,XNAS,0.9993533492088318,100,1.0,SELL
1749667102000000000,AAPL,XNAS,0.9992651343345642,100,279.0,BUY
1749667103000000000,AAPL,XNAS,0.9987288117408752,100,225.0,SELL
1749667104000000000,AAPL,XNAS,0.9987066984176636,100,63.0,SELL
1749667145000000000,AAPL,XNAS,0.9993036389350891,100,103.0,SELL
1749667147000000000,AAPL,XNAS,0.9996517896652222,100,100.0,BUY
1749667182000000000,AAPL,XNAS,0.9998507499694824,100,3.0,BUY
1749667183000000000,AAPL,XNAS,0.9995025992393494,100,50.0,SELL
1749667231000000000,AAPL,XNAS,1.0003960132598877,100,573.0,SELL
1749667260000000000,AAPL,XNAS,1.0007063150405884,100,400.0,SELL
1749667271000000000,AAPL,XNAS,1.001042127609253,100,222.0,BUY
1749667272000000000,AAPL,XNAS,1.0011347532272339,100,2.0,BUY
1749667277000000000,AAPL,XNAS,1.0011347532272339,100,7.0,BUY
1749667288000000000,AAPL,XNAS,1.0011347532272339,100,1.0,BUY
1749667300000000000,AAPL,XNAS,1.000856876373291,100,532.0,BUY
1749667305000000000,AAPL,XNAS,1.000617504119873,100,120.0,SELL
1749667330000000000,AAPL,XNAS,1.0008105039596558,100,10.0,BUY
1749667359000000000,AAPL,XNAS,1.0003936290740967,100,1.0,SELL
1749667365000000000,AAPL,XNAS,1.0002083778381348,100,48.0,UNKNOWN
1749667376000000000,AAPL,XNAS,1.0000231266021729,100,672.0,BUY
1749667387000000000,AAPL,XNAS,0.9999305009841919,100,6.0,BUY
1749667397000000000,AAPL,XNAS,1.0000722408294678,100,407.0,SELL
1749667399000000000,AAPL,XNAS,1.0002083778381348,100,92.0,SELL
1749667402000000000,AAPL,XNAS,1.0003482103347778,100,102.0,SELL
1749667407000000000,AAPL,XNAS,1.0002083778381348,100,100.0,BUY
1749667443000000000,AAPL,XNAS,1.0003492832183838,100,218.0,SELL
1749667445000000000,AAPL,XNAS,1.0007801055908203,100,292.0,BUY
1749667464000000000,AAPL,XNAS,1.000723958015442,100,23.0,SELL
1749667480000000000,AAPL,XNAS,1.0009031295776367,100,3.0,SELL
1749667481000000000,AAPL,XNAS,1.0010883808135986,100,5.0,BUY
1749667485000000000,AAPL,XNAS,1.0010883808135986,100,7.0,BUY
1749667495000000000,AAPL,XNAS,1.000670075416565,100,211.0,BUY
1749667546000000000,AAPL,XNAS,1.000694751739502,100,8.0,BUY
1749667574000000000,AAPL,XNAS,1.0007178783416748,100,5.0,BUY
1749667614000000000,AAPL,XNAS,1.0004862546920776,100,1.0,SELL
1749667635000000000,AAPL,XNAS,1.0007178783416748,100,5.0,BUY
1749667659000000000,AAPL,XNAS,1.0007468461990356,100,16.0,BUY
1749667663000000000,AAPL,XNAS,1.000815510749817,100,93.0,SELL
1749667670000000000,AAPL,XNAS,1.0008105039596558,100,20.0,SELL
1749667672000000000,AAPL,XNAS,1.000856876373291,100,1.0,BUY
1749667689000000000,AAPL,XNAS,1.0007178783416748,100,109.0,BUY
1749667701000000000,AAPL,XNAS,1.0005075931549072,100,209.0,BUY
1749667729000000000,AAPL,XNAS,1.0007178783416748,100,205.0,SELL
1749667745000000000,AAPL,XNAS,1.000949501991272,100,13.0,BUY
1749667757000000000,AAPL,XNAS,1.0009957551956177,100,244.0,SELL
1749667762000000000,AAPL,XNAS,1.0012736320495605,100,143.0,SELL
1749667765000000000,AAPL,XNAS,1.0014588832855225,100,149.0,SELL
1749667772000000000,AAPL,XNAS,1.0013200044631958,100,20.0,BUY
1749667774000000000,AAPL,XNAS,1.0011810064315796,100,7.0,BUY
1749667780000000000,AAPL,XNAS,1.001429557800293,100,60.0,BUY
1749667785000000000,AAPL,XNAS,1.0016905069351196,100,28.0,UNKNOWN
1749667788000000000,AAPL,XNAS,1.0018293857574463,100,6.0,BUY
1749667817000000000,AAPL,XNAS,1.0017577409744263,100,261.0,SELL
1749667818000000000,AAPL,XNAS,1.0019299983978271,100,1.0,BUY
1749667827000000000,AAPL,XNAS,1.0015745162963867,100,226.0,BUY
1749667835000000000,AAPL,XNAS,1.0013713836669922,100,10.0,SELL
1749667943000000000,AAPL,XNAS,1.001166582107544,100,124.0,SELL
1749667944000000000,AAPL,XNAS,1.0009095668792725,100,22.0,SELL
1749667945000000000,AAPL,XNAS,1.0008126497268677,100,2.0,SELL
1749667946000000000,AAPL,XNAS,1.0007364749908447,100,28.0,BUY
1749667949000000000,AAPL,XNAS,1.0008126497268677,100,30.0,SELL
1749667952000000000,AAPL,XNAS,1.0008126497268677,100,44.0,UNKNOWN
1749667984000000000,AAPL,XNAS,1.0009151697158813,100,102.0,BUY
1749668061000000000,AAPL,XNAS,1.0010665655136108,100,2.0,BUY
1749668112000000000,AAPL,XNAS,1.0011260509490967,100,742.0,BUY
1749668117000000000,AAPL,XNAS,1.000761866569519,100,110.0,SELL
1749668120000000000,AAPL,XNAS,1.0007110834121704,100,100.0,SELL
1749668142000000000,AAPL,XNAS,1.0009649991989136,100,3.0,SELL
1749668185000000000,AAPL,XNAS,1.0010157823562622,100,2.0,UNKNOWN
1749668240000000000,AAPL,XNAS,1.000749945640564,100,240.0,SELL
1749668242000000000,AAPL,XNAS,1.0003130435943604,100,268.0,BUY
1749668282000000000,AAPL,XNAS,0.9991799592971802,100,117.0,SELL
1749668299000000000,AAPL,XNAS,0.999339759349823,100,2.0,SELL
1749668390000000000,AAPL,XNAS,0.9991835355758667,100,212.0,BUY
1749668394000000000,AAPL,XNAS,0.9988013505935669,100,5.0,SELL
1749668395000000000,AAPL,XNAS,0.9987810254096985,100,7.0,SELL
1749668398000000000,AAPL,XNAS,0.9987302422523499,100,1.0,SELL
1749668415000000000,AAPL,XNAS,1.0001641511917114,100,1.0,SELL
1749668427000000000,AAPL,XNAS,1.000257968902588,100,25.0,BUY
1749668449000000000,AAPL,XNAS,1.000257968902588,100,84.0,SELL
1749668480000000000,AAPL,XNAS,1.000257968902588,100,1.0,UNKNOWN
1749668508000000000,AAPL,XNAS,1.0001310110092163,100,366.0,BUY
1749668533000000000,AAPL,XNAS,0.9998827576637268,100,2.0,SELL
1749668539000000000,AAPL,XNAS,0.9998358488082886,100,20.0,SELL
1749668595000000000,AAPL,XNAS,0.9997889399528503,100,1.0,SELL
1749668655000000000,AAPL,XNAS,0.9998358488082886,100,1.0,SELL
1749668668000000000,AAPL,XNAS,0.9997889399528503,100,1.0,UNKNOWN
1749668670000000000,AAPL,XNAS,0.9996574521064758,100,249.0,BUY
1749668715000000000,AAPL,XNAS,0.9996951222419739,100,2.0,SELL
1749668728000000000,AAPL,XNAS,0.999999463558197,100,602.0,SELL
1749668731000000000,AAPL,XNAS,1.0001227855682373,100,17.0,BUY
1749668733000000000,AAPL,XNAS,1.0001641511917114,100,10.0,SELL
1749668744000000000,AAPL,XNAS,1.0000234842300415,100,115.0,BUY
1749668775000000000,AAPL,XNAS,1.000070333480835,100,2.0,BUY
1749668835000000000,AAPL,XNAS,1.0000234842300415,100,1.0,SELL
1749668895000000000,AAPL,XNAS,1.0000234842300415,100,2.0,SELL
1749668907000000000,AAPL,XNAS,1.000117301940918,100,49.0,BUY
1749668908000000000,AAPL,XNAS,1.000117301940918,100,202.0,BUY
1749668913000000000,AAPL,XNAS,1.000257968902588,100,100.0,BUY
1749668955000000000,AAPL,XNAS,1.0001641511917114,100,1.0,SELL
1749668975000000000,AAPL,XNAS,1.0001641511917114,100,1.0,BUY
1749669004000000000,AAPL,XNAS,0.997532844543457,100,3.0,SELL
1749669005000000000,AAPL,XNAS,0.9974797964096069,100,32.0,BUY
1749669031000000000,AAPL,XNAS,0.9976389408111572,100,6.0,BUY
1749669033000000000,AAPL,XNAS,0.9979572892189026,100,1.0,BUY
1749669047000000000,AAPL,XNAS,0.9980078339576721,100,105.0,SELL
1749669075000000000,AAPL,XNAS,0.9979042410850525,100,100.0,BUY
1749669080000000000,AAPL,XNAS,0.9970552921295166,100,100.0,BUY
1749669086000000000,AAPL,XNAS,0.9974772930145264,100,106.0,BUY
1749669088000000000,AAPL,XNAS,0.9974266886711121,100,4.0,SELL
1749669089000000000,AAPL,XNAS,0.9969491958618164,100,1.0,SELL
1749669107000000000,AAPL,XNAS,0.997532844543457,100,108.0,BUY
1749669143000000000,AAPL,XNAS,0.9968961477279663,100,200.0,BUY
1749669151000000000,AAPL,XNAS,0.9972675442695618,100,33.0,BUY
1749669153000000000,AAPL,XNAS,0.9975760579109192,100,108.0,BUY
1749669181000000000,AAPL,XNAS,0.9972675442695618,100,300.0,BUY
1749669193000000000,AAPL,XNAS,0.996630847454071,100,9.0,SELL
1749669209000000000,AAPL,XNAS,0.9962625503540039,100,307.0,BUY
1749669210000000000,AAPL,XNAS,0.9965247511863708,100,200.0,SELL
1749669234000000000,AAPL,XNAS,0.9969491958618164,100,4.0,SELL
1749669247000000000,AAPL,XNAS,0.9977587461471558,100,194.0,SELL
1749669248000000000,AAPL,XNAS,0.9976877570152283,100,25.0,BUY
1749669271000000000,AAPL,XNAS,0.9973205924034119,100,100.0,SELL
1749669272000000000,AAPL,XNAS,0.9980103373527527,100,5.0,BUY
1749669302000000000,AAPL,XNAS,0.9981164336204529,100,201.0,BUY
1749669313000000000,AAPL,XNAS,0.9974797964096069,100,108.0,SELL
1749669337000000000,AAPL,XNAS,0.9972160458564758,100,103.0,SELL
1749669348000000000,AAPL,XNAS,0.9968961477279663,100,100.0,SELL
1749669359000000000,AAPL,XNAS,0.9968081712722778,100,205.0,BUY
1749669370000000000,AAPL,XNAS,0.9970537424087524,100,103.0,SELL
1749669372000000000,AAPL,XNAS,0.9976919889450073,100,100.0,BUY
1749669373000000000,AAPL,XNAS,0.9977450370788574,100,200.0,SELL
1749669389000000000,AAPL,XNAS,0.9972675442695618,100,200.0,SELL
1749669395000000000,AAPL,XNAS,0.9970022439956665,100,100.0,BUY
1749669398000000000,AAPL,XNAS,0.996577799320221,100,100.0,BUY
1749669418000000000,AAPL,XNAS,0.9962064027786255,100,5.0,BUY
1749669441000000000,AAPL,XNAS,0.9967900514602661,100,100.0,SELL
1749669460000000000,AAPL,XNAS,0.9955697059631348,100,58.0,SELL
1749669506000000000,AAPL,XNAS,0.9959411025047302,100,100.0,SELL
1749669520000000000,AAPL,XNAS,0.9954471588134766,100,410.0,SELL
1749669521000000000,AAPL,XNAS,0.9953574538230896,100,9.0,SELL
1749669542000000000,AAPL,XNAS,0.9953574538230896,100,5.0,SELL
1749669553000000000,AAPL,XNAS,0.9952672123908997,100,154.0,BUY
1749669557000000000,AAPL,XNAS,0.9948269128799438,99,4.0,SELL
1749669559000000000,AAPL,XNAS,0.9947043657302856,99,317.0,BUY
1749669577000000000,AAPL,XNAS,0.9950922131538391,100,180.0,SELL
1749669589000000000,AAPL,XNAS,0.9957868456840515,100,216.0,SELL
1749669603000000000,AAPL,XNAS,1.0000979900360107,100,3.0,SELL
1749669613000000000,AAPL,XNAS,1.0001959800720215,100,20.0,BUY
1749669617000000000,AAPL,XNAS,1.0003299713134766,100,399.0,SELL
1749669653000000000,AAPL,XNAS,1.0004863739013672,100,215.0,BUY
1749669656000000000,AAPL,XNAS,1.000545620918274,100,194.0,SELL
1749669657000000000,AAPL,XNAS,1.0010102987289429,100,130.0,SELL
1749669661000000000,AAPL,XNAS,1.0012741088867188,100,2.0,SELL
1749669666000000000,AAPL,XNAS,1.0014210939407349,100,29.0,SELL
1749669701000000000,AAPL,XNAS,1.0013231039047241,100,331.0,BUY
1749669761000000000,AAPL,XNAS,1.000784993171692,100,102.0,BUY
1749669764000000000,AAPL,XNAS,1.0007840394973755,100,1.0,SELL
1749669818000000000,AAPL,XNAS,1.0003892183303833,100,70.0,BUY
1749669825000000000,AAPL,XNAS,1.0001469850540161,100,2.0,SELL
1749669840000000000,AAPL,XNAS,1.0001959800720215,100,1.0,SELL
1749669846000000000,AAPL,XNAS,1.0005090236663818,100,124.0,SELL
1749669861000000000,AAPL,XNAS,1.0009801387786865,100,25.0,BUY
1749669887000000000,AAPL,XNAS,1.0011177062988281,100,329.0,BUY
1749669890000000000,AAPL,XNAS,1.0007350444793701,100,2.0,SELL
1749669926000000000,AAPL,XNAS,1.0010876655578613,100,532.0,SELL
1749669936000000000,AAPL,XNAS,1.0011107921600342,100,300.0,BUY
1749669960000000000,AAPL,XNAS,1.0007350444793701,100,62.0,BUY
1749669976000000000,AAPL,XNAS,1.0006370544433594,100,33.0,BUY
1749669977000000000,AAPL,XNAS,1.0007350444793701,100,16.0,SELL
1749669990000000000,AAPL,XNAS,1.0006860494613647,100,23.0,SELL
1749670008000000000,AAPL,XNAS,1.0006262063980103,100,216.0,SELL
1749670013000000000,AAPL,XNAS,1.0003920793533325,100,102.0,BUY
1749670034000000000,AAPL,XNAS,1.0004900693893433,100,1.0,SELL
1749670055000000000,AAPL,XNAS,1.0003920793533325,100,1.0,SELL
1749670059000000000,AAPL,XNAS,1.0009187459945679,100,278.0,SELL
1749670076000000000,AAPL,XNAS,1.0009801387786865,100,100.0,BUY
1749670095000000000,AAPL,XNAS,1.0007840394973755,100,13.0,SELL
1749670104000000000,AAPL,XNAS,1.0006860494613647,100,3.0,SELL
1749670128000000000,AAPL,XNAS,1.0006811618804932,100,100.0,BUY
1749670132000000000,AAPL,XNAS,1.0008658170700073,100,9.0,BUY
1749670150000000000,AAPL,XNAS,1.0005475282669067,100,52.0,SELL
1749670176000000000,AAPL,XNAS,1.0004900693893433,100,1.0,SELL
1749670188000000000,AAPL,XNAS,1.0003920793533325,100,100.0,BUY
1749670207000000000,AAPL,XNAS,0.999764084815979,100,2.0,SELL
1749670209000000000,AAPL,XNAS,1.0001416206359863,100,213.0,BUY
1749670210000000000,AAPL,XNAS,0.999765932559967,100,100.0,BUY
1749670213000000000,AAPL,XNAS,1.0001416206359863,100,300.0,BUY
1749670234000000000,AAPL,XNAS,1.0003303289413452,100,1.0,SELL
1749670237000000000,AAPL,XNAS,0.9999056458473206,100,200.0,SELL
1749670267000000000,AAPL,XNAS,1.0001887083053589,100,2.0,SELL
1749670300000000000,AAPL,XNAS,1.0006771087646484,100,160.0,SELL
1749670321000000000,AAPL,XNAS,1.0010380744934082,100,2.0,BUY
1749670329000000000,AAPL,XNAS,1.0010852813720703,100,2.0,BUY
1749670387000000000,AAPL,XNAS,1.0009909868240356,100,2.0,BUY
1749670428000000000,AAPL,XNAS,1.0004676580429077,100,463.0,SELL
1749670437000000000,AAPL,XNAS,1.0009437799453735,100,1.0,BUY
1749670447000000000,AAPL,XNAS,1.001316785812378,100,105.0,SELL
1749670507000000000,AAPL,XNAS,1.0014628171920776,100,2.0,SELL
1749670509000000000,AAPL,XNAS,1.002349615097046,100,416.0,SELL
1749670510000000000,AAPL,XNAS,1.0031143426895142,100,2.0,BUY
1749670544000000000,AAPL,XNAS,1.0024068355560303,100,201.0,BUY
1749670577000000000,AAPL,XNAS,1.0022649765014648,100,3.0,BUY
1749670627000000000,AAPL,XNAS,1.0026425123214722,100,1.0,BUY
1749670635000000000,AAPL,XNAS,1.0026425123214722,100,2.0,SELL
1749670687000000000,AAPL,XNAS,1.002413034439087,100,102.0,BUY
1749670690000000000,AAPL,XNAS,1.002312183380127,100,2.0,SELL
1749670698000000000,AAPL,XNAS,1.0026459693908691,100,203.0,SELL
1749670712000000000,AAPL,XNAS,1.002312183380127,100,4.0,SELL
1749670731000000000,AAPL,XNAS,1.0021967887878418,100,364.0,BUY
1749670742000000000,AAPL,XNAS,1.0026425123214722,100,9.0,BUY
1749670815000000000,AAPL,XNAS,0.9991682171821594,100,202.0,BUY
1749670818000000000,AAPL,XNAS,0.9996723532676697,100,448.0,BUY
1749670819000000000,AAPL,XNAS,0.99992436170578,100,61.0,BUY
1749670850000000000,AAPL,XNAS,1.000644564628601,100,308.0,BUY
1749670851000000000,AAPL,XNAS,1.0007309913635254,100,1.0,BUY
1749670875000000000,AAPL,XNAS,1.001285433769226,100,2.0,BUY
1749670876000000000,AAPL,XNAS,1.0010334253311157,100,9.0,SELL
1749670880000000000,AAPL,XNAS,1.0009028911590576,100,404.0,BUY
1749670896000000000,AAPL,XNAS,1.0003150701522827,100,4.0,SELL
1749670897000000000,AAPL,XNAS,0.99997478723526,100,124.0,SELL
1749670905000000000,AAPL,XNAS,1.0001764297485352,100,4.0,BUY
1749670915000000000,AAPL,XNAS,1.0000251531600952,100,100.0,SELL
1749670918000000000,AAPL,XNAS,0.99992436170578,100,1.0,SELL
1749670928000000000,AAPL,XNAS,1.0002268552780151,100,166.0,BUY
1749670947000000000,AAPL,XNAS,0.9998346567153931,100,191.0,SELL
1749670964000000000,AAPL,XNAS,0.9993194937705994,100,4.0,BUY
1749671025000000000,AAPL,XNAS,0.9998235702514648,100,6.0,BUY
1749671028000000000,AAPL,XNAS,0.9995211362838745,100,403.0,BUY
1749671029000000000,AAPL,XNAS,0.9991178512573242,100,14.0,BUY
1749671032000000000,AAPL,XNAS,0.9988153576850891,100,54.0,BUY
1749671035000000000,AAPL,XNAS,0.9987649917602539,100,70.0,BUY
1749671038000000000,AAPL,XNAS,0.9989565014839172,100,500.0,SELL
1749671043000000000,AAPL,XNAS,0.9991682171821594,100,5.0,BUY
1749671044000000000,AAPL,XNAS,0.9993194937705994,100,104.0,BUY
1749671045000000000,AAPL,XNAS,0.9991178512573242,100,57.0,SELL
1749671050000000000,AAPL,XNAS,0.9989066123962402,100,105.0,BUY
1749671051000000000,AAPL,XNAS,0.998664140701294,100,5.0,SELL
1749671067000000000,AAPL,XNAS,0.998613715171814,100,1.0,SELL
1749671077000000000,AAPL,XNAS,0.9984467625617981,100,16.0,SELL
1749671079000000000,AAPL,XNAS,0.9983167052268982,100,84.0,SELL
1749671080000000000,AAPL,XNAS,0.9981600642204285,100,10.0,SELL
1749671083000000000,AAPL,XNAS,0.9980858564376831,100,212.0,SELL
1749671084000000000,AAPL,XNAS,0.9980080127716064,100,61.0,BUY
1749671086000000000,AAPL,XNAS,0.9980592131614685,100,4.0,SELL
1749671089000000000,AAPL,XNAS,0.9978581070899963,100,102.0,SELL
1749671090000000000,AAPL,XNAS,0.9978072047233582,100,5.0,SELL
1749671101000000000,AAPL,XNAS,0.9977063536643982,100,10.0,SELL
1749671111000000000,AAPL,XNAS,0.997600257396698,100,38.0,BUY
1749671113000000000,AAPL,XNAS,0.9974039196968079,100,9.0,SELL
1749671115000000000,AAPL,XNAS,0.9976758360862732,100,373.0,SELL
1749671117000000000,AAPL,XNAS,0.9978575706481934,100,100.0,BUY
1749671118000000000,AAPL,XNAS,0.9979974627494812,100,369.0,SELL
1749671145000000000,AAPL,XNAS,0.9984120726585388,100,100.0,BUY
1749671157000000000,AAPL,XNAS,0.9982104897499084,100,121.0,BUY
1749671179000000000,AAPL,XNAS,0.9983135461807251,100,178.0,SELL
1749671182000000000,AAPL,XNAS,0.9983112812042236,100,103.0,BUY
1749671197000000000,AAPL,XNAS,0.9985615015029907,100,412.0,SELL
1749671236000000000,AAPL,XNAS,0.9988153576850891,100,86.0,BUY
1749671242000000000,AAPL,XNAS,0.9989162087440491,100,100.0,UNKNOWN
1749671246000000000,AAPL,XNAS,0.9987145662307739,100,20.0,BUY
1749671297000000000,AAPL,XNAS,0.9990829229354858,100,325.0,BUY
1749671300000000000,AAPL,XNAS,0.998664140701294,100,59.0,SELL
1749671332000000000,AAPL,XNAS,0.9993112683296204,100,184.0,BUY
1749671333000000000,AAPL,XNAS,0.9993886947631836,100,311.0,SELL
1749671345000000000,AAPL,XNAS,0.9996086359024048,100,307.0,SELL
1749671362000000000,AAPL,XNAS,0.9995579719543457,100,425.0,SELL
1749671363000000000,AAPL,XNAS,0.9994707107543945,100,27.0,SELL
1749671366000000000,AAPL,XNAS,0.9992690682411194,100,100.0,BUY
1749671370000000000,AAPL,XNAS,0.9991430640220642,100,2.0,BUY
1749671383000000000,AAPL,XNAS,0.9991178512573242,100,4.0,UNKNOWN
1749671396000000000,AAPL,XNAS,0.9989162087440491,100,51.0,SELL
1749671398000000000,AAPL,XNAS,0.9988370537757874,100,186.0,SELL
1749671466000000000,AAPL,XNAS,1.0000481605529785,100,2.0,BUY
1749671475000000000,AAPL,XNAS,0.9995666146278381,100,19.0,SELL
1749671481000000000,AAPL,XNAS,1.0003371238708496,100,20.0,SELL
1749671490000000000,AAPL,XNAS,1.0,100,200.0,BUY
1749671561000000000,AAPL,XNAS,0.9996147751808167,100,146.0,SELL
1749671582000000000,AAPL,XNAS,0.9995062351226807,100,75.0,BUY
1749671596000000000,AAPL,XNAS,0.9993739724159241,100,3.0,SELL
1749671604000000000,AAPL,XNAS,0.9997591972351074,100,15.0,SELL
1749671813000000000,AAPL,XNAS,1.000192642211914,100,1.0,BUY
1749671835000000000,AAPL,XNAS,1.0003762245178223,100,149.0,SELL
1749671836000000000,AAPL,XNAS,1.0003371238708496,100,100.0,BUY
1749671837000000000,AAPL,XNAS,1.0004816055297852,100,100.0,SELL
1749671871000000000,AAPL,XNAS,1.000288963317871,100,1.0,BUY
1749671877000000000,AAPL,XNAS,1.0005297660827637,100,1.0,BUY
1749671905000000000,AAPL,XNAS,1.0007222890853882,100,2.0,BUY
1749671910000000000,AAPL,XNAS,1.0007209777832031,100,103.0,BUY
1749671913000000000,AAPL,XNAS,1.0003852844238281,100,4.0,SELL
1749671928000000000,AAPL,XNAS,1.0008186101913452,100,5.0,SELL
1749671929000000000,AAPL,XNAS,1.0007704496383667,100,100.0,BUY
1749671935000000000,AAPL,XNAS,1.0007704496383667,100,100.0,SELL
1749671963000000000,AAPL,XNAS,1.001316785812378,100,290.0,SELL
1749671964000000000,AAPL,XNAS,1.0009630918502808,100,131.0,SELL
1749671991000000000,AAPL,XNAS,1.0013483762741089,100,2.0,SELL
1749672012000000000,AAPL,XNAS,0.99931800365448,100,201.0,BUY
1749672019000000000,AAPL,XNAS,0.9992664456367493,100,99.0,SELL
1749672075000000000,AAPL,XNAS,1.0005810260772705,100,41.0,BUY
1749672080000000000,AAPL,XNAS,1.0006309747695923,100,194.0,SELL
1749672085000000000,AAPL,XNAS,1.0003597736358643,100,493.0,BUY
1749672091000000000,AAPL,XNAS,1.0001767873764038,100,8.0,BUY
1749672135000000000,AAPL,XNAS,1.0001214742660522,100,500.0,BUY
1749672142000000000,AAPL,XNAS,0.9993849396705627,100,40.0,SELL
1749672144000000000,AAPL,XNAS,0.9991159439086914,100,4.0,SELL
1749672150000000000,AAPL,XNAS,0.9994063973426819,100,4.0,BUY
1749672159000000000,AAPL,XNAS,0.9995706081390381,100,3.0,SELL
1749672200000000000,AAPL,XNAS,0.9991664290428162,100,100.0,SELL
1749672210000000000,AAPL,XNAS,0.9991664290428162,100,11.0,BUY
1749672211000000000,AAPL,XNAS,0.9991832971572876,100,3.0,SELL
1749672272000000000,AAPL,XNAS,0.9992937445640564,100,77.0,SELL
1749672274000000000,AAPL,XNAS,0.99931800365448,100,92.0,SELL
1749672278000000000,AAPL,XNAS,0.9994695782661438,100,57.0,SELL
1749672283000000000,AAPL,XNAS,0.9992169737815857,100,1.0,SELL
1749672285000000000,AAPL,XNAS,0.9992169737815857,100,1.0,BUY
1749672296000000000,AAPL,XNAS,0.9991664290428162,100,1.0,SELL
1749672300000000000,AAPL,XNAS,0.9994695782661438,100,187.0,SELL
1749672328000000000,AAPL,XNAS,0.999822735786438,100,116.0,SELL
1749672361000000000,AAPL,XNAS,0.9996766448020935,100,91.0,SELL
1749672375000000000,AAPL,XNAS,0.99981689453125,100,8.0,BUY
1749672380000000000,AAPL,XNAS,1.0000252723693848,100,1.0,BUY
1749672395000000000,AAPL,XNAS,1.0000758171081543,100,100.0,SELL
1749672412000000000,AAPL,XNAS,1.0003280639648438,100,165.0,BUY
1749672465000000000,AAPL,XNAS,1.0003788471221924,100,50.0,BUY
1749672477000000000,AAPL,XNAS,1.0003788471221924,100,99.0,BUY
1749672487000000000,AAPL,XNAS,1.0000252723693848,100,202.0,BUY
1749672489000000000,AAPL,XNAS,0.99931800365448,100,5.0,BUY
1749672512000000000,AAPL,XNAS,0.99931800365448,100,1.0,BUY
1749672529000000000,AAPL,XNAS,0.9990144968032837,100,401.0,SELL
1749672530000000000,AAPL,XNAS,0.9987117648124695,100,95.0,SELL
1749672533000000000,AAPL,XNAS,0.9987117648124695,100,5.0,SELL
1749672536000000000,AAPL,XNAS,0.9984591603279114,100,2.0,SELL
1749672538000000000,AAPL,XNAS,0.9986612200737,100,1.0,SELL
1749672565000000000,AAPL,XNAS,0.9984527230262756,100,94.0,BUY
1749672569000000000,AAPL,XNAS,0.9983107447624207,100,32.0,BUY
1749672570000000000,AAPL,XNAS,0.998105525970459,100,7.0,SELL
1749672571000000000,AAPL,XNAS,0.9981468915939331,100,33.0,SELL
1749672573000000000,AAPL,XNAS,0.998105525970459,100,37.0,SELL
1749672577000000000,AAPL,XNAS,0.9980044960975647,100,1.0,SELL
1749672578000000000,AAPL,XNAS,0.9979539513587952,100,4.0,SELL
1749672593000000000,AAPL,XNAS,0.9979014992713928,100,208.0,BUY
1749672594000000000,AAPL,XNAS,0.9977518916130066,100,1.0,SELL
1749672597000000000,AAPL,XNAS,0.9977518916130066,100,1.0,SELL
1749672598000000000,AAPL,XNAS,0.9976003170013428,100,1.0,SELL
1749672616000000000,AAPL,XNAS,0.999204695224762,100,300.0,BUY
1749672617000000000,AAPL,XNAS,0.9988865852355957,100,1.0,SELL
1749672625000000000,AAPL,XNAS,0.9988865852355957,100,1.0,SELL
1749672626000000000,AAPL,XNAS,0.9990456700325012,100,1.0,SELL
1749672631000000000,AAPL,XNAS,0.9993637800216675,100,57.0,BUY
1749672652000000000,AAPL,XNAS,0.9996818900108337,100,100.0,SELL
1749672662000000000,AAPL,XNAS,0.9994698166847229,100,275.0,BUY
1749672703000000000,AAPL,XNAS,0.9990986585617065,100,600.0,SELL
1749672712000000000,AAPL,XNAS,0.9990931749343872,100,193.0,SELL
1749672714000000000,AAPL,XNAS,0.9993107318878174,100,1.0,SELL
1749672715000000000,AAPL,XNAS,0.9985517859458923,100,305.0,BUY
1749672739000000000,AAPL,XNAS,0.9976934194564819,100,321.0,SELL
1749672778000000000,AAPL,XNAS,0.9980912804603577,100,1.0,BUY
1749672799000000000,AAPL,XNAS,0.9982503652572632,100,1.0,SELL
1749672802000000000,AAPL,XNAS,0.9981491565704346,100,22.0,SELL
1749672817000000000,AAPL,XNAS,0.9978465437889099,100,819.0,BUY
1749672836000000000,AAPL,XNAS,0.9979852437973022,100,1.0,BUY
1749672841000000000,AAPL,XNAS,0.9981973171234131,100,200.0,BUY
1749672860000000000,AAPL,XNAS,0.9981973171234131,100,2.0,SELL
1749672865000000000,AAPL,XNAS,0.9978264570236206,100,802.0,SELL
1749672866000000000,AAPL,XNAS,0.9978262186050415,100,22.0,SELL
1749672867000000000,AAPL,XNAS,0.9978089928627014,100,37.0,SELL
1749672906000000000,AAPL,XNAS,0.9979322552680969,100,1.0,BUY
1749672920000000000,AAPL,XNAS,0.9979322552680969,100,2.0,BUY
1749672955000000000,AAPL,XNAS,0.9974550604820251,100,5.0,SELL
1749672979000000000,AAPL,XNAS,0.9978792071342468,100,20.0,SELL
1749673050000000000,AAPL,XNAS,0.9979958534240723,100,220.0,SELL
1749673065000000000,AAPL,XNAS,0.9982372522354126,100,762.0,SELL
1749673085000000000,AAPL,XNAS,0.998727560043335,100,300.0,SELL
1749673112000000000,AAPL,XNAS,0.9991161227226257,100,304.0,SELL
1749673113000000000,AAPL,XNAS,0.9999204874038696,100,200.0,SELL
1749673136000000000,AAPL,XNAS,0.9995967745780945,100,794.0,SELL
1749673137000000000,AAPL,XNAS,0.9996894598007202,100,112.0,BUY
1749673138000000000,AAPL,XNAS,0.9996765851974487,100,161.0,BUY
1749673147000000000,AAPL,XNAS,0.9992552995681763,100,525.0,SELL
1749673160000000000,AAPL,XNAS,0.9992033243179321,100,78.0,SELL
1749673161000000000,AAPL,XNAS,0.9990917444229126,100,138.0,SELL
1749673198000000000,AAPL,XNAS,0.9990683794021606,100,112.0,SELL
1749673206000000000,AAPL,XNAS,0.9987758994102478,100,50.0,SELL
1749673211000000000,AAPL,XNAS,0.998772919178009,100,159.0,BUY
1749673275000000000,AAPL,XNAS,0.9986748099327087,100,3.0,BUY
1749673276000000000,AAPL,XNAS,0.9989520311355591,100,128.0,BUY
1749673329000000000,AAPL,XNAS,0.9985929727554321,100,3.0,BUY
1749673339000000000,AAPL,XNAS,0.998712956905365,100,202.0,BUY
1749673343000000000,AAPL,XNAS,0.9985766410827637,100,2.0,SELL
1749673346000000000,AAPL,XNAS,0.9989073276519775,100,126.0,SELL
1749673362000000000,AAPL,XNAS,0.9993128776550293,100,2.0,BUY
1749673383000000000,AAPL,XNAS,0.9994601011276245,100,1.0,BUY
1749673384000000000,AAPL,XNAS,0.9994601011276245,100,12.0,BUY
1749673403000000000,AAPL,XNAS,0.9991655945777893,100,205.0,BUY
1749673406000000000,AAPL,XNAS,0.998920202255249,100,2.0,SELL
1749673410000000000,AAPL,XNAS,0.9986256957054138,100,1.0,SELL
1749673478000000000,AAPL,XNAS,0.9991655945777893,100,3.0,BUY
1749673515000000000,AAPL,XNAS,0.9991994500160217,100,29.0,BUY
1749673535000000000,AAPL,XNAS,0.9991655945777893,100,1.0,BUY
1749673538000000000,AAPL,XNAS,0.9991165399551392,100,4.0,SELL
1749673546000000000,AAPL,XNAS,0.9991655945777893,100,1.0,UNKNOWN
1749673584000000000,AAPL,XNAS,0.9989583492279053,100,108.0,BUY
1749673599000000000,AAPL,XNAS,0.9986748099327087,100,43.0,SELL
1749673658000000000,AAPL,XNAS,0.998822033405304,100,1.0,SELL
1749673682000000000,AAPL,XNAS,0.998822033405304,100,1.0,SELL
1749673686000000000,AAPL,XNAS,0.9986748099327087,100,20.0,SELL
1749673741000000000,AAPL,XNAS,0.9986768960952759,100,257.0,SELL
1749673742000000000,AAPL,XNAS,0.9986256957054138,100,1.0,SELL
1749673751000000000,AAPL,XNAS,0.9989142417907715,100,33.0,BUY
