ts_ns,symbol,venue,level,side,price,price_ticks,size,num_orders
1749391200000000000,AAPL,XNAS,1,1,1.0007151365280151,100,1.0,1
1749391200000000000,AAPL,XNAS,1,-1,1.0013792514801025,100,100.0,1
1749391200000000000,AAPL,XNAS,2,1,1.000306487083435,100,164.0,1
1749391200000000000,AAPL,XNAS,2,-1,1.0017879009246826,100,50.0,1
1749391201000000000,AAPL,XNAS,1,1,1.0007151365280151,100,1.0,1
1749391201000000000,AAPL,XNAS,1,-1,1.0013792514801025,100,100.0,1
1749391201000000000,AAPL,XNAS,2,1,1.0004597902297974,100,6.0,1
1749391201000000000,AAPL,XNAS,2,-1,1.0017879009246826,100,50.0,1
1749391202000000000,AAPL,XNAS,1,1,1.0007151365280151,100,1.0,1
1749391202000000000,AAPL,XNAS,1,-1,1.0013792514801025,100,100.0,1
1749391202000000000,AAPL,XNAS,2,1,1.000510811805725,100,100.0,1
1749391202000000000,AAPL,XNAS,2,-1,1.0017879009246826,100,50.0,1
1749391203000000000,AAPL,XNAS,1,1,1.0007151365280151,100,1.0,1
1749391203000000000,AAPL,XNAS,1,-1,1.0013281106948853,100,100.0,1
1749391203000000000,AAPL,XNAS,2,1,1.000510811805725,100,100.0,1
1749391203000000000,AAPL,XNAS,2,-1,1.0013792514801025,100,100.0,1
1749391213000000000,AAPL,XNAS,1,1,1.0007151365280151,100,1.0,1
1749391213000000000,AAPL,XNAS,1,-1,1.0013792514801025,100,100.0,1
1749391213000000000,AAPL,XNAS,2,1,1.000510811805725,100,100.0,1
1749391213000000000,AAPL,XNAS,2,-1,1.0014814138412476,100,55.0,1
1749391216000000000,AAPL,XNAS,1,1,1.0007151365280151,100,1.0,1
1749391216000000000,AAPL,XNAS,1,-1,1.0013792514801025,100,100.0,1
1749391216000000000,AAPL,XNAS,2,1,1.000510811805725,100,200.0,1
1749391216000000000,AAPL,XNAS,2,-1,1.0014814138412476,100,55.0,1
1749391220000000000,AAPL,XNAS,1,1,1.000510811805725,100,200.0,1
1749391220000000000,AAPL,XNAS,1,-1,1.0013792514801025,100,100.0,1
1749391220000000000,AAPL,XNAS,2,1,1.0004597902297974,100,6.0,1
1749391220000000000,AAPL,XNAS,2,-1,1.0014814138412476,100,55.0,1
1749391224000000000,AAPL,XNAS,1,1,1.000510811805725,100,200.0,1
1749391224000000000,AAPL,XNAS,1,-1,1.0013792514801025,100,100.0,1
1749391224000000000,AAPL,XNAS,2,1,1.0004597902297974,100,6.0,1
1749391224000000000,AAPL,XNAS,2,-1,1.0014814138412476,100,55.0,1
1749391229000000000,AAPL,XNAS,1,1,1.000510811805725,100,200.0,1
1749391229000000000,AAPL,XNAS,1,-1,1.0013792514801025,100,100.0,1
1749391229000000000,AAPL,XNAS,2,1,1.0004597902297974,100,6.0,1
1749391229000000000,AAPL,XNAS,2,-1,1.0014814138412476,100,55.0,1
1749391230000000000,AAPL,XNAS,1,1,1.000510811805725,100,200.0,1
1749391230000000000,AAPL,XNAS,1,-1,1.0013792514801025,100,100.0,1
1749391230000000000,AAPL,XNAS,2,1,1.0004597902297974,100,6.0,1
1749391230000000000,AAPL,XNAS,2,-1,1.0014814138412476,100,55.0,1
1749391232000000000,AAPL,XNAS,1,1,1.000510811805725,100,200.0,1
1749391232000000000,AAPL,XNAS,1,-1,1.0013792514801025,100,100.0,1
1749391232000000000,AAPL,XNAS,2,1,1.0004597902297974,100,6.0,1
1749391232000000000,AAPL,XNAS,2,-1,1.0014814138412476,100,55.0,1
1749391235000000000,AAPL,XNAS,1,1,1.000510811805725,100,200.0,1
1749391235000000000,AAPL,XNAS,1,-1,1.0012770891189575,100,100.0,1
1749391235000000000,AAPL,XNAS,2,1,1.0004597902297974,100,6.0,1
1749391235000000000,AAPL,XNAS,2,-1,1.0013281106948853,100,100.0,1
1749391241000000000,AAPL,XNAS,1,1,1.000510811805725,100,200.0,1
1749391241000000000,AAPL,XNAS,1,-1,1.0013281106948853,100,100.0,1
1749391241000000000,AAPL,XNAS,2,1,1.0004597902297974,100,6.0,1
1749391241000000000,AAPL,XNAS,2,-1,1.0014814138412476,100,55.0,1
1749391244000000000,AAPL,XNAS,1,1,1.000510811805725,100,200.0,1
1749391244000000000,AAPL,XNAS,1,-1,1.0012259483337402,100,100.0,1
1749391244000000000,AAPL,XNAS,2,1,1.0004597902297974,100,6.0,1
1749391244000000000,AAPL,XNAS,2,-1,1.0012770891189575,100,100.0,1
1749391245000000000,AAPL,XNAS,1,1,1.000510811805725,100,200.0,1
1749391245000000000,AAPL,XNAS,1,-1,1.0012259483337402,100,28.0,1
1749391245000000000,AAPL,XNAS,2,1,1.0004597902297974,100,6.0,1
1749391245000000000,AAPL,XNAS,2,-1,1.0012770891189575,100,100.0,1
1749391251000000000,AAPL,XNAS,1,1,1.000510811805725,100,200.0,1
1749391251000000000,AAPL,XNAS,1,-1,1.0011749267578125,100,1.0,1
1749391251000000000,AAPL,XNAS,2,1,1.0004597902297974,100,6.0,1
1749391251000000000,AAPL,XNAS,2,-1,1.0012770891189575,100,100.0,1
1749391252000000000,AAPL,XNAS,1,1,1.000510811805725,100,200.0,1
1749391252000000000,AAPL,XNAS,1,-1,1.0011237859725952,100,1.0,1
1749391252000000000,AAPL,XNAS,2,1,1.0004597902297974,100,6.0,1
1749391252000000000,AAPL,XNAS,2,-1,1.0012770891189575,100,100.0,1
1749391256000000000,AAPL,XNAS,1,1,1.000510811805725,100,200.0,1
1749391256000000000,AAPL,XNAS,1,-1,1.0011237859725952,100,2.0,1
1749391256000000000,AAPL,XNAS,2,1,1.0004597902297974,100,6.0,1
1749391256000000000,AAPL,XNAS,2,-1,1.0012770891189575,100,100.0,1
1749391259000000000,AAPL,XNAS,1,1,1.000510811805725,100,200.0,1
1749391259000000000,AAPL,XNAS,1,-1,1.0011237859725952,100,1.0,1
1749391259000000000,AAPL,XNAS,2,1,1.0004597902297974,100,6.0,1
1749391259000000000,AAPL,XNAS,2,-1,1.0012770891189575,100,100.0,1
1749391260000000000,AAPL,XNAS,1,1,1.000510811805725,100,200.0,1
1749391260000000000,AAPL,XNAS,1,-1,1.0011237859725952,100,1.0,1
1749391260000000000,AAPL,XNAS,2,1,1.0004597902297974,100,6.0,1
1749391260000000000,AAPL,XNAS,2,-1,1.0012770891189575,100,100.0,1
1749391261000000000,AAPL,XNAS,1,1,1.000510811805725,100,200.0,1
1749391261000000000,AAPL,XNAS,1,-1,1.0012770891189575,100,100.0,1
1749391261000000000,AAPL,XNAS,2,1,1.0004597902297974,100,6.0,1
1749391261000000000,AAPL,XNAS,2,-1,1.0014814138412476,100,55.0,1
1749391262000000000,AAPL,XNAS,1,1,1.000510811805725,100,200.0,1
1749391262000000000,AAPL,XNAS,1,-1,1.0012259483337402,100,1.0,1
1749391262000000000,AAPL,XNAS,2,1,1.0004597902297974,100,6.0,1
1749391262000000000,AAPL,XNAS,2,-1,1.0012770891189575,100,100.0,1
1749391263000000000,AAPL,XNAS,1,1,1.000510811805725,100,200.0,1
1749391263000000000,AAPL,XNAS,1,-1,1.0012259483337402,100,2.0,1
1749391263000000000,AAPL,XNAS,2,1,1.0004597902297974,100,6.0,1
1749391263000000000,AAPL,XNAS,2,-1,1.0012770891189575,100,100.0,1
1749391272000000000,AAPL,XNAS,1,1,1.000510811805725,100,200.0,1
1749391272000000000,AAPL,XNAS,1,-1,1.0008684396743774,100,1.0,1
1749391272000000000,AAPL,XNAS,2,1,1.0004597902297974,100,6.0,1
1749391272000000000,AAPL,XNAS,2,-1,1.0012259483337402,100,1.0,1
1749391273000000000,AAPL,XNAS,1,1,1.000510811805725,100,200.0,1
1749391273000000000,AAPL,XNAS,1,-1,1.0008684396743774,100,1.0,1
1749391273000000000,AAPL,XNAS,2,1,1.0004597902297974,100,6.0,1
1749391273000000000,AAPL,XNAS,2,-1,1.0012259483337402,100,101.0,1
1749391277000000000,AAPL,XNAS,1,1,1.000510811805725,100,200.0,1
1749391277000000000,AAPL,XNAS,1,-1,1.0012259483337402,100,101.0,1
1749391277000000000,AAPL,XNAS,2,1,1.0004597902297974,100,6.0,1
1749391277000000000,AAPL,XNAS,2,-1,1.0014814138412476,100,55.0,1
1749391280000000000,AAPL,XNAS,1,1,1.000510811805725,100,200.0,1
1749391280000000000,AAPL,XNAS,1,-1,1.0012259483337402,100,101.0,1
1749391280000000000,AAPL,XNAS,2,1,1.0004597902297974,100,6.0,1
1749391280000000000,AAPL,XNAS,2,-1,1.0012770891189575,100,26.0,1
1749391286000000000,AAPL,XNAS,1,1,1.000510811805725,100,200.0,1
1749391286000000000,AAPL,XNAS,1,-1,1.0012259483337402,100,101.0,1
1749391286000000000,AAPL,XNAS,2,1,1.000306487083435,100,30.0,1
1749391286000000000,AAPL,XNAS,2,-1,1.0012770891189575,100,26.0,1
1749391288000000000,AAPL,XNAS,1,1,1.00020432472229,100,15.0,1
1749391288000000000,AAPL,XNAS,1,-1,1.0011237859725952,100,300.0,2
1749391288000000000,AAPL,XNAS,2,1,1.0000511407852173,100,96.0,1
1749391288000000000,AAPL,XNAS,2,-1,1.0011749267578125,100,200.0,1
1749391289000000000,AAPL,XNAS,1,1,1.00020432472229,100,15.0,1
1749391289000000000,AAPL,XNAS,1,-1,1.0011237859725952,100,200.0,1
1749391289000000000,AAPL,XNAS,2,1,1.0000511407852173,100,96.0,1
1749391289000000000,AAPL,XNAS,2,-1,1.0012259483337402,100,200.0,1
1749391290000000000,AAPL,XNAS,1,1,1.00020432472229,100,15.0,1
1749391290000000000,AAPL,XNAS,1,-1,1.0011237859725952,100,300.0,2
1749391290000000000,AAPL,XNAS,2,1,1.0000511407852173,100,96.0,1
1749391290000000000,AAPL,XNAS,2,-1,1.0012259483337402,100,100.0,1
1749391291000000000,AAPL,XNAS,1,1,1.00020432472229,100,15.0,1
1749391291000000000,AAPL,XNAS,1,-1,1.0011237859725952,100,401.0,3
1749391291000000000,AAPL,XNAS,2,1,1.0000511407852173,100,96.0,1
1749391291000000000,AAPL,XNAS,2,-1,1.0012259483337402,100,100.0,1
1749391292000000000,AAPL,XNAS,1,1,1.0000511407852173,100,96.0,1
1749391292000000000,AAPL,XNAS,1,-1,1.0010727643966675,100,200.0,1
1749391292000000000,AAPL,XNAS,2,1,0.99979567527771,100,30.0,1
1749391292000000000,AAPL,XNAS,2,-1,1.0011237859725952,100,241.0,2
1749391293000000000,AAPL,XNAS,1,1,1.0000511407852173,100,96.0,1
1749391293000000000,AAPL,XNAS,1,-1,1.0006641149520874,100,1.0,1
1749391293000000000,AAPL,XNAS,2,1,0.99979567527771,100,30.0,1
1749391293000000000,AAPL,XNAS,2,-1,1.0010727643966675,100,100.0,1
1749391295000000000,AAPL,XNAS,1,1,1.0000511407852173,100,96.0,1
1749391295000000000,AAPL,XNAS,1,-1,1.0009194612503052,100,101.0,1
1749391295000000000,AAPL,XNAS,2,1,0.99979567527771,100,30.0,1
1749391295000000000,AAPL,XNAS,2,-1,1.0010727643966675,100,100.0,1
1749391296000000000,AAPL,XNAS,1,1,1.0000511407852173,100,96.0,1
1749391296000000000,AAPL,XNAS,1,-1,1.0008684396743774,100,1.0,1
1749391296000000000,AAPL,XNAS,2,1,0.99979567527771,100,30.0,1
1749391296000000000,AAPL,XNAS,2,-1,1.0011237859725952,100,200.0,1
1749391297000000000,AAPL,XNAS,1,1,1.0000511407852173,100,96.0,1
1749391297000000000,AAPL,XNAS,1,-1,1.0007662773132324,100,100.0,1
1749391297000000000,AAPL,XNAS,2,1,0.99979567527771,100,30.0,1
1749391297000000000,AAPL,XNAS,2,-1,1.0008172988891602,100,101.0,1
1749391298000000000,AAPL,XNAS,1,1,1.0000511407852173,100,96.0,1
1749391298000000000,AAPL,XNAS,1,-1,1.0007662773132324,100,100.0,1
1749391298000000000,AAPL,XNAS,2,1,0.99979567527771,100,30.0,1
1749391298000000000,AAPL,XNAS,2,-1,1.0008172988891602,100,100.0,1
1749391304000000000,AAPL,XNAS,1,1,1.0000511407852173,100,96.0,1
1749391304000000000,AAPL,XNAS,1,-1,1.0007662773132324,100,200.0,1
1749391304000000000,AAPL,XNAS,2,1,0.99979567527771,100,30.0,1
1749391304000000000,AAPL,XNAS,2,-1,1.0011237859725952,100,100.0,1
1749391307000000000,AAPL,XNAS,1,1,1.0000511407852173,100,96.0,1
1749391307000000000,AAPL,XNAS,1,-1,1.0007662773132324,100,100.0,1
1749391307000000000,AAPL,XNAS,2,1,0.99979567527771,100,30.0,1
1749391307000000000,AAPL,XNAS,2,-1,1.0011237859725952,100,100.0,1
1749391308000000000,AAPL,XNAS,1,1,1.0000511407852173,100,96.0,1
1749391308000000000,AAPL,XNAS,1,-1,1.0007662773132324,100,100.0,1
1749391308000000000,AAPL,XNAS,2,1,0.99979567527771,100,32.0,1
1749391308000000000,AAPL,XNAS,2,-1,1.0011237859725952,100,100.0,1
1749391310000000000,AAPL,XNAS,1,1,1.00040864944458,100,25.0,1
1749391310000000000,AAPL,XNAS,1,-1,1.0012770891189575,100,78.0,1
1749391310000000000,AAPL,XNAS,2,1,1.0001533031463623,100,200.0,1
1749391310000000000,AAPL,XNAS,2,-1,1.0014814138412476,100,55.0,1
1749391311000000000,AAPL,XNAS,1,1,1.0000511407852173,100,96.0,1
1749391311000000000,AAPL,XNAS,1,-1,1.0012259483337402,100,100.0,1
1749391311000000000,AAPL,XNAS,2,1,0.99979567527771,100,30.0,1
1749391311000000000,AAPL,XNAS,2,-1,1.0012770891189575,100,78.0,1
1749391312000000000,AAPL,XNAS,1,1,1.0000511407852173,100,96.0,1
1749391312000000000,AAPL,XNAS,1,-1,1.0011749267578125,100,200.0,1
1749391312000000000,AAPL,XNAS,2,1,0.99979567527771,100,30.0,1
1749391312000000000,AAPL,XNAS,2,-1,1.0012259483337402,100,100.0,1
1749391314000000000,AAPL,XNAS,1,1,1.0000511407852173,100,96.0,1
1749391314000000000,AAPL,XNAS,1,-1,1.0011749267578125,100,200.0,1
1749391314000000000,AAPL,XNAS,2,1,0.99979567527771,100,36.0,1
1749391314000000000,AAPL,XNAS,2,-1,1.0012259483337402,100,100.0,1
1749391334000000000,AAPL,XNAS,1,1,1.0000511407852173,100,96.0,1
1749391334000000000,AAPL,XNAS,1,-1,1.0011749267578125,100,100.0,1
1749391334000000000,AAPL,XNAS,2,1,0.99979567527771,100,36.0,1
1749391334000000000,AAPL,XNAS,2,-1,1.0012259483337402,100,100.0,1
1749391337000000000,AAPL,XNAS,1,1,1.0000511407852173,100,196.0,1
1749391337000000000,AAPL,XNAS,1,-1,1.0011237859725952,100,1.0,1
1749391337000000000,AAPL,XNAS,2,1,0.99979567527771,100,36.0,1
1749391337000000000,AAPL,XNAS,2,-1,1.0011749267578125,100,200.0,1
1749391341000000000,AAPL,XNAS,1,1,1.0001533031463623,100,51.0,1
1749391341000000000,AAPL,XNAS,1,-1,1.0011749267578125,100,200.0,1
1749391341000000000,AAPL,XNAS,2,1,1.0000511407852173,100,196.0,1
1749391341000000000,AAPL,XNAS,2,-1,1.0012259483337402,100,100.0,1
1749391342000000000,AAPL,XNAS,1,1,1.0001533031463623,100,51.0,1
1749391342000000000,AAPL,XNAS,1,-1,1.0011237859725952,100,100.0,1
1749391342000000000,AAPL,XNAS,2,1,1.0000511407852173,100,196.0,1
1749391342000000000,AAPL,XNAS,2,-1,1.0011749267578125,100,200.0,1
1749391343000000000,AAPL,XNAS,1,1,1.0007151365280151,100,12.0,1
1749391343000000000,AAPL,XNAS,1,-1,1.0018900632858276,100,126.0,1
1749391343000000000,AAPL,XNAS,2,1,1.0006129741668701,100,100.0,1
1749391343000000000,AAPL,XNAS,2,-1,1.00224769115448,100,100.0,1
1749391344000000000,AAPL,XNAS,1,1,1.0007151365280151,100,14.0,1
1749391344000000000,AAPL,XNAS,1,-1,1.0018900632858276,100,126.0,1
1749391344000000000,AAPL,XNAS,2,1,1.0002554655075073,100,64.0,1
1749391344000000000,AAPL,XNAS,2,-1,1.00224769115448,100,100.0,1
1749391345000000000,AAPL,XNAS,1,1,1.0007151365280151,100,12.0,1
1749391345000000000,AAPL,XNAS,1,-1,1.0018900632858276,100,126.0,1
1749391345000000000,AAPL,XNAS,2,1,1.0004597902297974,100,100.0,1
1749391345000000000,AAPL,XNAS,2,-1,1.00224769115448,100,100.0,1
1749391346000000000,AAPL,XNAS,1,1,1.0007151365280151,100,14.0,1
1749391346000000000,AAPL,XNAS,1,-1,1.0018900632858276,100,126.0,1
1749391346000000000,AAPL,XNAS,2,1,1.0005619525909424,100,61.0,1
1749391346000000000,AAPL,XNAS,2,-1,1.00224769115448,100,100.0,1
1749391347000000000,AAPL,XNAS,1,1,1.0007151365280151,100,14.0,1
1749391347000000000,AAPL,XNAS,1,-1,1.0018900632858276,100,26.0,1
1749391347000000000,AAPL,XNAS,2,1,1.0005619525909424,100,61.0,1
1749391347000000000,AAPL,XNAS,2,-1,1.00224769115448,100,100.0,1
1749391348000000000,AAPL,XNAS,1,1,1.0007151365280151,100,14.0,1
1749391348000000000,AAPL,XNAS,1,-1,1.0018900632858276,100,26.0,1
1749391348000000000,AAPL,XNAS,2,1,1.0005619525909424,100,61.0,1
1749391348000000000,AAPL,XNAS,2,-1,1.00245201587677,100,100.0,1
1749391349000000000,AAPL,XNAS,1,1,1.0007151365280151,100,2.0,1
1749391349000000000,AAPL,XNAS,1,-1,1.0018900632858276,100,26.0,1
1749391349000000000,AAPL,XNAS,2,1,1.0005619525909424,100,61.0,1
1749391349000000000,AAPL,XNAS,2,-1,1.00245201587677,100,123.0,1
1749391351000000000,AAPL,XNAS,1,1,1.0008172988891602,100,100.0,1
1749391351000000000,AAPL,XNAS,1,-1,1.0024008750915527,100,250.0,2
1749391351000000000,AAPL,XNAS,2,1,1.0007662773132324,100,26.0,1
1749391351000000000,AAPL,XNAS,2,-1,1.00245201587677,100,23.0,1
1749391352000000000,AAPL,XNAS,1,1,1.0008172988891602,100,200.0,1
1749391352000000000,AAPL,XNAS,1,-1,1.002349853515625,100,150.0,1
1749391352000000000,AAPL,XNAS,2,1,1.0007662773132324,100,26.0,1
1749391352000000000,AAPL,XNAS,2,-1,1.0024008750915527,100,100.0,1
1749391353000000000,AAPL,XNAS,1,1,1.0008172988891602,100,200.0,1
1749391353000000000,AAPL,XNAS,1,-1,1.002349853515625,100,150.0,1
1749391353000000000,AAPL,XNAS,2,1,1.0007662773132324,100,26.0,1
1749391353000000000,AAPL,XNAS,2,-1,1.002554178237915,100,27.0,1
1749391370000000000,AAPL,XNAS,1,1,1.0013792514801025,100,2.0,1
1749391370000000000,AAPL,XNAS,1,-1,1.002349853515625,100,100.0,1
1749391370000000000,AAPL,XNAS,2,1,1.0008172988891602,100,100.0,1
1749391370000000000,AAPL,XNAS,2,-1,1.002554178237915,100,27.0,1
1749391372000000000,AAPL,XNAS,1,1,1.0013792514801025,100,102.0,1
1749391372000000000,AAPL,XNAS,1,-1,1.002349853515625,100,100.0,1
1749391372000000000,AAPL,XNAS,2,1,1.0008684396743774,100,112.0,1
1749391372000000000,AAPL,XNAS,2,-1,1.002554178237915,100,27.0,1
1749391373000000000,AAPL,XNAS,1,1,1.0013792514801025,100,102.0,1
1749391373000000000,AAPL,XNAS,1,-1,1.002554178237915,100,27.0,1
1749391373000000000,AAPL,XNAS,2,1,1.0009194612503052,100,100.0,1
1749391373000000000,AAPL,XNAS,2,-1,1.0029628276824951,100,200.0,1
1749391374000000000,AAPL,XNAS,1,1,1.0013792514801025,100,202.0,1
1749391374000000000,AAPL,XNAS,1,-1,1.002554178237915,100,27.0,1
1749391374000000000,AAPL,XNAS,2,1,1.0009194612503052,100,100.0,1
1749391374000000000,AAPL,XNAS,2,-1,1.0029628276824951,100,100.0,1
1749391375000000000,AAPL,XNAS,1,1,1.0013792514801025,100,202.0,1
1749391375000000000,AAPL,XNAS,1,-1,1.002554178237915,100,27.0,1
1749391375000000000,AAPL,XNAS,2,1,1.0009194612503052,100,100.0,1
1749391375000000000,AAPL,XNAS,2,-1,1.0029628276824951,100,300.0,2
1749391377000000000,AAPL,XNAS,1,1,1.0013792514801025,100,202.0,1
1749391377000000000,AAPL,XNAS,1,-1,1.002554178237915,100,128.0,1
1749391377000000000,AAPL,XNAS,2,1,1.0009194612503052,100,100.0,1
1749391377000000000,AAPL,XNAS,2,-1,1.0029628276824951,100,100.0,1
1749391378000000000,AAPL,XNAS,1,1,1.0013792514801025,100,202.0,1
1749391378000000000,AAPL,XNAS,1,-1,1.00245201587677,100,51.0,1
1749391378000000000,AAPL,XNAS,2,1,1.0009194612503052,100,100.0,1
1749391378000000000,AAPL,XNAS,2,-1,1.002554178237915,100,27.0,1
1749391379000000000,AAPL,XNAS,1,1,1.0013792514801025,100,202.0,1
1749391379000000000,AAPL,XNAS,1,-1,1.00245201587677,100,50.0,1
1749391379000000000,AAPL,XNAS,2,1,1.0009194612503052,100,100.0,1
1749391379000000000,AAPL,XNAS,2,-1,1.0025030374526978,100,1.0,1
1749391382000000000,AAPL,XNAS,1,1,1.0013792514801025,100,202.0,1
1749391382000000000,AAPL,XNAS,1,-1,1.00245201587677,100,51.0,1
1749391382000000000,AAPL,XNAS,2,1,1.0009194612503052,100,100.0,1
1749391382000000000,AAPL,XNAS,2,-1,1.002554178237915,100,27.0,1
1749391383000000000,AAPL,XNAS,1,1,1.0013792514801025,100,202.0,1
1749391383000000000,AAPL,XNAS,1,-1,1.00245201587677,100,50.0,1
1749391383000000000,AAPL,XNAS,2,1,1.0009194612503052,100,100.0,1
1749391383000000000,AAPL,XNAS,2,-1,1.0025030374526978,100,1.0,1
1749391385000000000,AAPL,XNAS,1,1,1.0013792514801025,100,202.0,1
1749391385000000000,AAPL,XNAS,1,-1,1.0025030374526978,100,1.0,1
1749391385000000000,AAPL,XNAS,2,1,1.0009194612503052,100,100.0,1
1749391385000000000,AAPL,XNAS,2,-1,1.002554178237915,100,27.0,1
1749391386000000000,AAPL,XNAS,1,1,1.0013792514801025,100,202.0,1
1749391386000000000,AAPL,XNAS,1,-1,1.002554178237915,100,27.0,1
1749391386000000000,AAPL,XNAS,2,1,1.0009194612503052,100,100.0,1
1749391386000000000,AAPL,XNAS,2,-1,1.0029628276824951,100,200.0,1
1749391387000000000,AAPL,XNAS,1,1,1.0013792514801025,100,202.0,1
1749391387000000000,AAPL,XNAS,1,-1,1.002554178237915,100,27.0,1
1749391387000000000,AAPL,XNAS,2,1,1.0009194612503052,100,100.0,1
1749391387000000000,AAPL,XNAS,2,-1,1.0027073621749878,100,101.0,1
1749391388000000000,AAPL,XNAS,1,1,1.0013792514801025,100,202.0,1
1749391388000000000,AAPL,XNAS,1,-1,1.002554178237915,100,27.0,1
1749391388000000000,AAPL,XNAS,2,1,1.0009194612503052,100,100.0,1
1749391388000000000,AAPL,XNAS,2,-1,1.0026051998138428,100,1.0,1
1749391389000000000,AAPL,XNAS,1,1,1.0013792514801025,100,202.0,1
1749391389000000000,AAPL,XNAS,1,-1,1.002554178237915,100,28.0,1
1749391389000000000,AAPL,XNAS,2,1,1.0009194612503052,100,100.0,1
1749391389000000000,AAPL,XNAS,2,-1,1.0029628276824951,100,100.0,1
1749391390000000000,AAPL,XNAS,1,1,1.0013792514801025,100,202.0,1
1749391390000000000,AAPL,XNAS,1,-1,1.002554178237915,100,29.0,1
1749391390000000000,AAPL,XNAS,2,1,1.0009194612503052,100,100.0,1
1749391390000000000,AAPL,XNAS,2,-1,1.0029628276824951,100,100.0,1
1749391392000000000,AAPL,XNAS,1,1,1.0013792514801025,100,303.0,2
1749391392000000000,AAPL,XNAS,1,-1,1.002554178237915,100,29.0,1
1749391392000000000,AAPL,XNAS,2,1,1.0009194612503052,100,100.0,1
1749391392000000000,AAPL,XNAS,2,-1,1.0029628276824951,100,100.0,1
1749391395000000000,AAPL,XNAS,1,1,1.0013792514801025,100,102.0,1
1749391395000000000,AAPL,XNAS,1,-1,1.002554178237915,100,28.0,1
1749391395000000000,AAPL,XNAS,2,1,1.0009194612503052,100,100.0,1
1749391395000000000,AAPL,XNAS,2,-1,1.0029628276824951,100,223.0,1
1749391396000000000,AAPL,XNAS,1,1,1.0013792514801025,100,102.0,1
1749391396000000000,AAPL,XNAS,1,-1,1.00245201587677,100,51.0,1
1749391396000000000,AAPL,XNAS,2,1,1.0009194612503052,100,100.0,1
1749391396000000000,AAPL,XNAS,2,-1,1.002554178237915,100,28.0,1
1749391397000000000,AAPL,XNAS,1,1,1.0013792514801025,100,102.0,1
1749391397000000000,AAPL,XNAS,1,-1,1.00245201587677,100,52.0,1
1749391397000000000,AAPL,XNAS,2,1,1.0009194612503052,100,100.0,1
1749391397000000000,AAPL,XNAS,2,-1,1.002554178237915,100,27.0,1
1749391400000000000,AAPL,XNAS,1,1,1.0013792514801025,100,201.0,1
1749391400000000000,AAPL,XNAS,1,-1,1.00245201587677,100,1.0,1
1749391400000000000,AAPL,XNAS,2,1,1.0009194612503052,100,100.0,1
1749391400000000000,AAPL,XNAS,2,-1,1.002554178237915,100,128.0,1
1749391401000000000,AAPL,XNAS,1,1,1.0013792514801025,100,201.0,1
1749391401000000000,AAPL,XNAS,1,-1,1.002554178237915,100,29.0,1
1749391401000000000,AAPL,XNAS,2,1,1.0009194612503052,100,100.0,1
1749391401000000000,AAPL,XNAS,2,-1,1.0029628276824951,100,123.0,1
1749391403000000000,AAPL,XNAS,1,1,1.0013792514801025,100,201.0,1
1749391403000000000,AAPL,XNAS,1,-1,1.00245201587677,100,100.0,1
1749391403000000000,AAPL,XNAS,2,1,1.0009194612503052,100,100.0,1
1749391403000000000,AAPL,XNAS,2,-1,1.0025030374526978,100,50.0,1
1749391408000000000,AAPL,XNAS,1,1,1.0013792514801025,100,201.0,1
1749391408000000000,AAPL,XNAS,1,-1,1.00245201587677,100,100.0,1
1749391408000000000,AAPL,XNAS,2,1,1.0009194612503052,100,100.0,1
1749391408000000000,AAPL,XNAS,2,-1,1.0025030374526978,100,50.0,1
1749391415000000000,AAPL,XNAS,1,1,1.0013792514801025,100,201.0,1
1749391415000000000,AAPL,XNAS,1,-1,1.0025030374526978,100,51.0,1
1749391415000000000,AAPL,XNAS,2,1,1.0009194612503052,100,100.0,1
1749391415000000000,AAPL,XNAS,2,-1,1.002554178237915,100,127.0,1
1749391416000000000,AAPL,XNAS,1,1,1.0013792514801025,100,201.0,1
1749391416000000000,AAPL,XNAS,1,-1,1.002554178237915,100,27.0,1
1749391416000000000,AAPL,XNAS,2,1,1.0009194612503052,100,100.0,1
1749391416000000000,AAPL,XNAS,2,-1,1.0029628276824951,100,100.0,1
1749391417000000000,AAPL,XNAS,1,1,1.0013792514801025,100,301.0,2
1749391417000000000,AAPL,XNAS,1,-1,1.002554178237915,100,27.0,1
1749391417000000000,AAPL,XNAS,2,1,1.0009194612503052,100,100.0,1
1749391417000000000,AAPL,XNAS,2,-1,1.0028095245361328,100,101.0,1
1749391418000000000,AAPL,XNAS,1,1,1.0013792514801025,100,301.0,2
1749391418000000000,AAPL,XNAS,1,-1,1.002554178237915,100,27.0,1
1749391418000000000,AAPL,XNAS,2,1,1.0009194612503052,100,100.0,1
1749391418000000000,AAPL,XNAS,2,-1,1.0027073621749878,100,101.0,1
1749391419000000000,AAPL,XNAS,1,1,1.0013792514801025,100,301.0,2
1749391419000000000,AAPL,XNAS,1,-1,1.002554178237915,100,27.0,1
1749391419000000000,AAPL,XNAS,2,1,1.0009194612503052,100,100.0,1
1749391419000000000,AAPL,XNAS,2,-1,1.0027073621749878,100,102.0,1
1749391422000000000,AAPL,XNAS,1,1,1.0013792514801025,100,301.0,2
1749391422000000000,AAPL,XNAS,1,-1,1.002554178237915,100,28.0,1
1749391422000000000,AAPL,XNAS,2,1,1.0009194612503052,100,100.0,1
1749391422000000000,AAPL,XNAS,2,-1,1.0027073621749878,100,1.0,1
1749391423000000000,AAPL,XNAS,1,1,1.0013792514801025,100,301.0,2
1749391423000000000,AAPL,XNAS,1,-1,1.002554178237915,100,29.0,1
1749391423000000000,AAPL,XNAS,2,1,1.0009194612503052,100,100.0,1
1749391423000000000,AAPL,XNAS,2,-1,1.0029628276824951,100,123.0,1
1749391426000000000,AAPL,XNAS,1,1,1.0014302730560303,100,27.0,1
1749391426000000000,AAPL,XNAS,1,-1,1.002554178237915,100,1.0,1
1749391426000000000,AAPL,XNAS,2,1,1.0013792514801025,100,200.0,1
1749391426000000000,AAPL,XNAS,2,-1,1.0029628276824951,100,100.0,1
1749391427000000000,AAPL,XNAS,1,1,1.0016857385635376,100,101.0,1
1749391427000000000,AAPL,XNAS,1,-1,1.0027073621749878,100,1.0,1
1749391427000000000,AAPL,XNAS,2,1,1.0014302730560303,100,27.0,1
1749391427000000000,AAPL,XNAS,2,-1,1.0030649900436401,100,100.0,1
1749391428000000000,AAPL,XNAS,1,1,1.0016857385635376,100,402.0,3
1749391428000000000,AAPL,XNAS,1,-1,1.00286066532135,100,1.0,1
1749391428000000000,AAPL,XNAS,2,1,1.0014302730560303,100,27.0,1
1749391428000000000,AAPL,XNAS,2,-1,1.0030138492584229,100,25.0,1
1749391431000000000,AAPL,XNAS,1,1,1.0017368793487549,100,14.0,1
1749391431000000000,AAPL,XNAS,1,-1,1.00265634059906,100,27.0,1
1749391431000000000,AAPL,XNAS,2,1,1.0016857385635376,100,301.0,2
1749391431000000000,AAPL,XNAS,2,-1,1.0030649900436401,100,201.0,1
1749391432000000000,AAPL,XNAS,1,1,1.0017368793487549,100,14.0,1
1749391432000000000,AAPL,XNAS,1,-1,1.00265634059906,100,27.0,1
1749391432000000000,AAPL,XNAS,2,1,1.0016857385635376,100,301.0,2
1749391432000000000,AAPL,XNAS,2,-1,1.0029116868972778,100,101.0,1
1749391433000000000,AAPL,XNAS,1,1,1.0017368793487549,100,14.0,1
1749391433000000000,AAPL,XNAS,1,-1,1.00265634059906,100,27.0,1
1749391433000000000,AAPL,XNAS,2,1,1.0016857385635376,100,301.0,2
1749391433000000000,AAPL,XNAS,2,-1,1.0028095245361328,100,101.0,1
1749391434000000000,AAPL,XNAS,1,1,1.0017368793487549,100,14.0,1
1749391434000000000,AAPL,XNAS,1,-1,1.00265634059906,100,27.0,1
1749391434000000000,AAPL,XNAS,2,1,1.0016857385635376,100,301.0,2
1749391434000000000,AAPL,XNAS,2,-1,1.002758502960205,100,101.0,1
1749391435000000000,AAPL,XNAS,1,1,1.0017368793487549,100,14.0,1
1749391435000000000,AAPL,XNAS,1,-1,1.00224769115448,100,1.0,1
1749391435000000000,AAPL,XNAS,2,1,1.0016857385635376,100,301.0,2
1749391435000000000,AAPL,XNAS,2,-1,1.00265634059906,100,27.0,1
1749391463000000000,AAPL,XNAS,1,1,1.0017368793487549,100,14.0,1
1749391463000000000,AAPL,XNAS,1,-1,1.00224769115448,100,25.0,1
1749391463000000000,AAPL,XNAS,2,1,1.0016857385635376,100,301.0,2
1749391463000000000,AAPL,XNAS,2,-1,1.00265634059906,100,27.0,1
1749391467000000000,AAPL,XNAS,1,1,1.0017368793487549,100,14.0,1
1749391467000000000,AAPL,XNAS,1,-1,1.00224769115448,100,25.0,1
1749391467000000000,AAPL,XNAS,2,1,1.0016857385635376,100,301.0,2
1749391467000000000,AAPL,XNAS,2,-1,1.002349853515625,100,101.0,1
1749391469000000000,AAPL,XNAS,1,1,1.0017368793487549,100,14.0,1
1749391469000000000,AAPL,XNAS,1,-1,1.00224769115448,100,27.0,1
1749391469000000000,AAPL,XNAS,2,1,1.0016857385635376,100,301.0,2
1749391469000000000,AAPL,XNAS,2,-1,1.00265634059906,100,27.0,1
1749391470000000000,AAPL,XNAS,1,1,1.0017368793487549,100,14.0,1
1749391470000000000,AAPL,XNAS,1,-1,1.00224769115448,100,26.0,1
1749391470000000000,AAPL,XNAS,2,1,1.0016857385635376,100,301.0,2
1749391470000000000,AAPL,XNAS,2,-1,1.00265634059906,100,27.0,1
1749391471000000000,AAPL,XNAS,1,1,1.0017368793487549,100,14.0,1
1749391471000000000,AAPL,XNAS,1,-1,1.00224769115448,100,25.0,1
1749391471000000000,AAPL,XNAS,2,1,1.0016857385635376,100,301.0,2
1749391471000000000,AAPL,XNAS,2,-1,1.0024008750915527,100,101.0,1
1749391472000000000,AAPL,XNAS,1,1,1.0017368793487549,100,14.0,1
1749391472000000000,AAPL,XNAS,1,-1,1.00224769115448,100,25.0,1
1749391472000000000,AAPL,XNAS,2,1,1.0016857385635376,100,301.0,2
1749391472000000000,AAPL,XNAS,2,-1,1.002349853515625,100,101.0,1
1749391473000000000,AAPL,XNAS,1,1,1.0017368793487549,100,14.0,1
1749391473000000000,AAPL,XNAS,1,-1,1.00224769115448,100,27.0,1
1749391473000000000,AAPL,XNAS,2,1,1.0016857385635376,100,301.0,2
1749391473000000000,AAPL,XNAS,2,-1,1.002349853515625,100,1.0,1
1749391476000000000,AAPL,XNAS,1,1,1.0017368793487549,100,14.0,1
1749391476000000000,AAPL,XNAS,1,-1,1.00224769115448,100,25.0,1
1749391476000000000,AAPL,XNAS,2,1,1.0016857385635376,100,301.0,2
1749391476000000000,AAPL,XNAS,2,-1,1.002349853515625,100,1.0,1
1749391478000000000,AAPL,XNAS,1,1,1.0017368793487549,100,14.0,1
1749391478000000000,AAPL,XNAS,1,-1,1.00224769115448,100,13.0,1
1749391478000000000,AAPL,XNAS,2,1,1.0016857385635376,100,301.0,2
1749391478000000000,AAPL,XNAS,2,-1,1.002349853515625,100,1.0,1
1749391480000000000,AAPL,XNAS,1,1,1.0017368793487549,100,14.0,1
1749391480000000000,AAPL,XNAS,1,-1,1.00224769115448,100,1.0,1
1749391480000000000,AAPL,XNAS,2,1,1.0016857385635376,100,301.0,2
1749391480000000000,AAPL,XNAS,2,-1,1.002349853515625,100,1.0,1
1749391485000000000,AAPL,XNAS,1,1,1.0017368793487549,100,14.0,1
1749391485000000000,AAPL,XNAS,1,-1,1.00224769115448,100,1.0,1
1749391485000000000,AAPL,XNAS,2,1,1.0016857385635376,100,300.0,2
1749391485000000000,AAPL,XNAS,2,-1,1.002349853515625,100,1.0,1
1749391490000000000,AAPL,XNAS,1,1,1.0019922256469727,100,1.0,1
1749391490000000000,AAPL,XNAS,1,-1,1.00224769115448,100,1.0,1
1749391490000000000,AAPL,XNAS,2,1,1.0017368793487549,100,14.0,1
1749391490000000000,AAPL,XNAS,2,-1,1.00265634059906,100,27.0,1
1749391491000000000,AAPL,XNAS,1,1,1.0019922256469727,100,1.0,1
1749391491000000000,AAPL,XNAS,1,-1,1.00224769115448,100,1.0,1
1749391491000000000,AAPL,XNAS,2,1,1.0017368793487549,100,14.0,1
1749391491000000000,AAPL,XNAS,2,-1,1.0025030374526978,100,101.0,1
1749391492000000000,AAPL,XNAS,1,1,1.0019922256469727,100,1.0,1
1749391492000000000,AAPL,XNAS,1,-1,1.00224769115448,100,1.0,1
1749391492000000000,AAPL,XNAS,2,1,1.0017368793487549,100,14.0,1
1749391492000000000,AAPL,XNAS,2,-1,1.0025030374526978,100,101.0,1
1749391493000000000,AAPL,XNAS,1,1,1.0019922256469727,100,1.0,1
1749391493000000000,AAPL,XNAS,1,-1,1.00224769115448,100,2.0,1
1749391493000000000,AAPL,XNAS,2,1,1.0017368793487549,100,14.0,1
1749391493000000000,AAPL,XNAS,2,-1,1.0025030374526978,100,1.0,1
1749391496000000000,AAPL,XNAS,1,1,1.0019922256469727,100,1.0,1
1749391496000000000,AAPL,XNAS,1,-1,1.00224769115448,100,1.0,1
1749391496000000000,AAPL,XNAS,2,1,1.0017368793487549,100,14.0,1
1749391496000000000,AAPL,XNAS,2,-1,1.0025030374526978,100,1.0,1
1749391497000000000,AAPL,XNAS,1,1,1.0019922256469727,100,1.0,1
1749391497000000000,AAPL,XNAS,1,-1,1.00224769115448,100,2.0,1
1749391497000000000,AAPL,XNAS,2,1,1.0017368793487549,100,14.0,1
1749391497000000000,AAPL,XNAS,2,-1,1.0025030374526978,100,1.0,1
1749391498000000000,AAPL,XNAS,1,1,1.0019922256469727,100,1.0,1
1749391498000000000,AAPL,XNAS,1,-1,1.00224769115448,100,2.0,1
1749391498000000000,AAPL,XNAS,2,1,1.0017368793487549,100,14.0,1
1749391498000000000,AAPL,XNAS,2,-1,1.0025030374526978,100,2.0,1
1749391501000000000,AAPL,XNAS,1,1,1.0019922256469727,100,1.0,1
1749391501000000000,AAPL,XNAS,1,-1,1.00224769115448,100,1.0,1
1749391501000000000,AAPL,XNAS,2,1,1.0017368793487549,100,14.0,1
1749391501000000000,AAPL,XNAS,2,-1,1.0025030374526978,100,2.0,1
1749391503000000000,AAPL,XNAS,1,1,1.0017368793487549,100,14.0,1
1749391503000000000,AAPL,XNAS,1,-1,1.00204336643219,100,9.0,1
1749391503000000000,AAPL,XNAS,2,1,1.0016857385635376,100,300.0,2
1749391503000000000,AAPL,XNAS,2,-1,1.00245201587677,100,200.0,1
1749391504000000000,AAPL,XNAS,1,1,1.0017368793487549,100,14.0,1
1749391504000000000,AAPL,XNAS,1,-1,1.00204336643219,100,9.0,1
1749391504000000000,AAPL,XNAS,2,1,1.0016857385635376,100,300.0,2
1749391504000000000,AAPL,XNAS,2,-1,1.002554178237915,100,28.0,1
1749391508000000000,AAPL,XNAS,1,1,1.0017368793487549,100,14.0,1
1749391508000000000,AAPL,XNAS,1,-1,1.00204336643219,100,9.0,1
1749391508000000000,AAPL,XNAS,2,1,1.0016857385635376,100,300.0,2
1749391508000000000,AAPL,XNAS,2,-1,1.0024008750915527,100,101.0,1
1749391509000000000,AAPL,XNAS,1,1,1.0017368793487549,100,14.0,1
1749391509000000000,AAPL,XNAS,1,-1,1.00204336643219,100,9.0,1
1749391509000000000,AAPL,XNAS,2,1,1.0016857385635376,100,300.0,2
1749391509000000000,AAPL,XNAS,2,-1,1.002349853515625,100,101.0,1
1749391516000000000,AAPL,XNAS,1,1,1.0017368793487549,100,14.0,1
1749391516000000000,AAPL,XNAS,1,-1,1.00204336643219,100,10.0,1
1749391516000000000,AAPL,XNAS,2,1,1.0016857385635376,100,300.0,2
1749391516000000000,AAPL,XNAS,2,-1,1.002349853515625,100,1.0,1
1749391517000000000,AAPL,XNAS,1,1,1.0017368793487549,100,14.0,1
1749391517000000000,AAPL,XNAS,1,-1,1.00204336643219,100,10.0,1
1749391517000000000,AAPL,XNAS,2,1,1.0016857385635376,100,300.0,2
1749391517000000000,AAPL,XNAS,2,-1,1.00224769115448,100,101.0,1
1749391519000000000,AAPL,XNAS,1,1,1.0017368793487549,100,14.0,1
1749391519000000000,AAPL,XNAS,1,-1,1.00204336643219,100,9.0,1
1749391519000000000,AAPL,XNAS,2,1,1.0016857385635376,100,300.0,2
1749391519000000000,AAPL,XNAS,2,-1,1.00224769115448,100,1.0,1
1749391520000000000,AAPL,XNAS,1,1,1.0017368793487549,100,14.0,1
1749391520000000000,AAPL,XNAS,1,-1,1.00204336643219,100,9.0,1
1749391520000000000,AAPL,XNAS,2,1,1.0016857385635376,100,300.0,2
1749391520000000000,AAPL,XNAS,2,-1,1.002349853515625,100,101.0,1
1749391523000000000,AAPL,XNAS,1,1,1.0017368793487549,100,14.0,1
1749391523000000000,AAPL,XNAS,1,-1,1.00204336643219,100,33.0,1
1749391523000000000,AAPL,XNAS,2,1,1.0016857385635376,100,300.0,2
1749391523000000000,AAPL,XNAS,2,-1,1.002349853515625,100,1.0,1
1749391524000000000,AAPL,XNAS,1,1,1.0017368793487549,100,14.0,1
1749391524000000000,AAPL,XNAS,1,-1,1.00204336643219,100,9.0,1
1749391524000000000,AAPL,XNAS,2,1,1.0016857385635376,100,300.0,2
1749391524000000000,AAPL,XNAS,2,-1,1.00224769115448,100,1.0,1
1749391528000000000,AAPL,XNAS,1,1,1.0017368793487549,100,14.0,1
1749391528000000000,AAPL,XNAS,1,-1,1.00224769115448,100,1.0,1
1749391528000000000,AAPL,XNAS,2,1,1.0016857385635376,100,300.0,2
1749391528000000000,AAPL,XNAS,2,-1,1.002554178237915,100,28.0,1
1749391531000000000,AAPL,XNAS,1,1,1.0017368793487549,100,14.0,1
1749391531000000000,AAPL,XNAS,1,-1,1.00265634059906,100,100.0,1
1749391531000000000,AAPL,XNAS,2,1,1.0016857385635376,100,300.0,2
1749391531000000000,AAPL,XNAS,2,-1,1.0027073621749878,100,28.0,1
1749391551000000000,AAPL,XNAS,1,1,1.0017368793487549,100,14.0,1
1749391551000000000,AAPL,XNAS,1,-1,1.00265634059906,100,100.0,1
1749391551000000000,AAPL,XNAS,2,1,1.0016857385635376,100,400.0,3
1749391551000000000,AAPL,XNAS,2,-1,1.0027073621749878,100,28.0,1
1749391552000000000,AAPL,XNAS,1,1,1.0017368793487549,100,14.0,1
1749391552000000000,AAPL,XNAS,1,-1,1.00265634059906,100,100.0,1
1749391552000000000,AAPL,XNAS,2,1,1.0016857385635376,100,300.0,2
1749391552000000000,AAPL,XNAS,2,-1,1.0027073621749878,100,28.0,1
1749391553000000000,AAPL,XNAS,1,1,1.0017368793487549,100,14.0,1
1749391553000000000,AAPL,XNAS,1,-1,1.00265634059906,100,100.0,1
1749391553000000000,AAPL,XNAS,2,1,1.0016857385635376,100,300.0,2
1749391553000000000,AAPL,XNAS,2,-1,1.0027073621749878,100,28.0,1
1749391555000000000,AAPL,XNAS,1,1,1.0017368793487549,100,14.0,1
1749391555000000000,AAPL,XNAS,1,-1,1.00265634059906,100,100.0,1
1749391555000000000,AAPL,XNAS,2,1,1.0016857385635376,100,300.0,2
1749391555000000000,AAPL,XNAS,2,-1,1.0027073621749878,100,28.0,1
1749391558000000000,AAPL,XNAS,1,1,1.0017368793487549,100,14.0,1
1749391558000000000,AAPL,XNAS,1,-1,1.0026051998138428,100,25.0,1
1749391558000000000,AAPL,XNAS,2,1,1.0016857385635376,100,300.0,2
1749391558000000000,AAPL,XNAS,2,-1,1.00265634059906,100,100.0,1
1749391563000000000,AAPL,XNAS,1,1,1.0017368793487549,100,114.0,1
1749391563000000000,AAPL,XNAS,1,-1,1.0026051998138428,100,25.0,1
1749391563000000000,AAPL,XNAS,2,1,1.0016857385635376,100,200.0,1
1749391563000000000,AAPL,XNAS,2,-1,1.00265634059906,100,100.0,1
1749391565000000000,AAPL,XNAS,1,1,1.0017368793487549,100,214.0,1
1749391565000000000,AAPL,XNAS,1,-1,1.0026051998138428,100,25.0,1
1749391565000000000,AAPL,XNAS,2,1,1.0016857385635376,100,200.0,1
1749391565000000000,AAPL,XNAS,2,-1,1.00265634059906,100,100.0,1
1749391575000000000,AAPL,XNAS,1,1,1.0017368793487549,100,214.0,1
1749391575000000000,AAPL,XNAS,1,-1,1.00265634059906,100,100.0,1
1749391575000000000,AAPL,XNAS,2,1,1.0016857385635376,100,200.0,1
1749391575000000000,AAPL,XNAS,2,-1,1.0031671524047852,100,150.0,1
1749391576000000000,AAPL,XNAS,1,1,1.0017879009246826,100,13.0,1
1749391576000000000,AAPL,XNAS,1,-1,1.0030649900436401,100,145.0,1
1749391576000000000,AAPL,XNAS,2,1,1.0017368793487549,100,300.0,2
1749391576000000000,AAPL,XNAS,2,-1,1.0031671524047852,100,100.0,1
1749391577000000000,AAPL,XNAS,1,1,1.0017879009246826,100,13.0,1
1749391577000000000,AAPL,XNAS,1,-1,1.0030649900436401,100,145.0,1
1749391577000000000,AAPL,XNAS,2,1,1.0017368793487549,100,300.0,2
1749391577000000000,AAPL,XNAS,2,-1,1.003320336341858,100,26.0,1
1749391578000000000,AAPL,XNAS,1,1,1.0021965503692627,100,200.0,1
1749391578000000000,AAPL,XNAS,1,-1,1.0030649900436401,100,1.0,1
1749391578000000000,AAPL,XNAS,2,1,1.00204336643219,100,100.0,1
1749391578000000000,AAPL,XNAS,2,-1,1.003320336341858,100,26.0,1
1749391579000000000,AAPL,XNAS,1,1,1.0021965503692627,100,200.0,1
1749391579000000000,AAPL,XNAS,1,-1,1.003320336341858,100,26.0,1
1749391579000000000,AAPL,XNAS,2,1,1.00204336643219,100,100.0,1
1749391579000000000,AAPL,XNAS,2,-1,1.0036779642105103,100,50.0,1
1749391581000000000,AAPL,XNAS,1,1,1.0021965503692627,100,240.0,2
1749391581000000000,AAPL,XNAS,1,-1,1.003320336341858,100,76.0,1
1749391581000000000,AAPL,XNAS,2,1,1.00204336643219,100,100.0,1
1749391581000000000,AAPL,XNAS,2,-1,1.0036779642105103,100,50.0,1
1749391583000000000,AAPL,XNAS,1,1,1.0021965503692627,100,240.0,2
1749391583000000000,AAPL,XNAS,1,-1,1.003320336341858,100,88.0,1
1749391583000000000,AAPL,XNAS,2,1,1.00204336643219,100,100.0,1
1749391583000000000,AAPL,XNAS,2,-1,1.0036779642105103,100,50.0,1
1749391585000000000,AAPL,XNAS,1,1,1.00224769115448,100,1.0,1
1749391585000000000,AAPL,XNAS,1,-1,1.003320336341858,100,88.0,1
1749391585000000000,AAPL,XNAS,2,1,1.0021965503692627,100,200.0,1
1749391585000000000,AAPL,XNAS,2,-1,1.0036779642105103,100,50.0,1
1749391586000000000,AAPL,XNAS,1,1,1.00224769115448,100,102.0,1
1749391586000000000,AAPL,XNAS,1,-1,1.003320336341858,100,88.0,1
1749391586000000000,AAPL,XNAS,2,1,1.0021965503692627,100,100.0,1
1749391586000000000,AAPL,XNAS,2,-1,1.0036779642105103,100,50.0,1
1749391587000000000,AAPL,XNAS,1,1,1.00224769115448,100,302.0,2
1749391587000000000,AAPL,XNAS,1,-1,1.003320336341858,100,76.0,1
1749391587000000000,AAPL,XNAS,2,1,1.0021965503692627,100,126.0,1
1749391587000000000,AAPL,XNAS,2,-1,1.0036779642105103,100,50.0,1
1749391588000000000,AAPL,XNAS,1,1,1.00224769115448,100,302.0,2
1749391588000000000,AAPL,XNAS,1,-1,1.003320336341858,100,76.0,1
1749391588000000000,AAPL,XNAS,2,1,1.0021965503692627,100,126.0,1
1749391588000000000,AAPL,XNAS,2,-1,1.0035247802734375,100,101.0,1
1749391589000000000,AAPL,XNAS,1,1,1.00224769115448,100,302.0,2
1749391589000000000,AAPL,XNAS,1,-1,1.003320336341858,100,77.0,1
1749391589000000000,AAPL,XNAS,2,1,1.0021965503692627,100,126.0,1
1749391589000000000,AAPL,XNAS,2,-1,1.0036779642105103,100,50.0,1
1749391592000000000,AAPL,XNAS,1,1,1.00224769115448,100,302.0,2
1749391592000000000,AAPL,XNAS,1,-1,1.003320336341858,100,77.0,1
1749391592000000000,AAPL,XNAS,2,1,1.0021965503692627,100,126.0,1
1749391592000000000,AAPL,XNAS,2,-1,1.0036779642105103,100,73.0,1
1749391593000000000,AAPL,XNAS,1,1,1.0022987127304077,100,200.0,1
1749391593000000000,AAPL,XNAS,1,-1,1.003320336341858,100,77.0,1
1749391593000000000,AAPL,XNAS,2,1,1.00224769115448,100,202.0,1
1749391593000000000,AAPL,XNAS,2,-1,1.0036779642105103,100,73.0,1
1749391594000000000,AAPL,XNAS,1,1,1.0022987127304077,100,200.0,1
1749391594000000000,AAPL,XNAS,1,-1,1.003320336341858,100,77.0,1
1749391594000000000,AAPL,XNAS,2,1,1.00224769115448,100,201.0,1
1749391594000000000,AAPL,XNAS,2,-1,1.0036779642105103,100,73.0,1
1749391596000000000,AAPL,XNAS,1,1,1.0022987127304077,100,300.0,2
1749391596000000000,AAPL,XNAS,1,-1,1.003320336341858,100,77.0,1
1749391596000000000,AAPL,XNAS,2,1,1.00224769115448,100,201.0,1
1749391596000000000,AAPL,XNAS,2,-1,1.0036779642105103,100,50.0,1
1749391598000000000,AAPL,XNAS,1,1,1.0022987127304077,100,401.0,3
1749391598000000000,AAPL,XNAS,1,-1,1.003320336341858,100,77.0,1
1749391598000000000,AAPL,XNAS,2,1,1.00224769115448,100,101.0,1
1749391598000000000,AAPL,XNAS,2,-1,1.0036779642105103,100,50.0,1
1749391604000000000,AAPL,XNAS,1,1,1.0022987127304077,100,301.0,2
1749391604000000000,AAPL,XNAS,1,-1,1.003320336341858,100,85.0,1
1749391604000000000,AAPL,XNAS,2,1,1.00224769115448,100,101.0,1
1749391604000000000,AAPL,XNAS,2,-1,1.0036779642105103,100,50.0,1
1749391608000000000,AAPL,XNAS,1,1,1.0022987127304077,100,301.0,2
1749391608000000000,AAPL,XNAS,1,-1,1.0032693147659302,100,100.0,1
1749391608000000000,AAPL,XNAS,2,1,1.00224769115448,100,101.0,1
1749391608000000000,AAPL,XNAS,2,-1,1.003320336341858,100,34.0,1
1749391609000000000,AAPL,XNAS,1,1,1.0016345977783203,100,12.0,1
1749391609000000000,AAPL,XNAS,1,-1,1.0027073621749878,100,100.0,1
1749391609000000000,AAPL,XNAS,2,1,1.0014814138412476,100,101.0,1
1749391609000000000,AAPL,XNAS,2,-1,1.002758502960205,100,152.0,1
1749391610000000000,AAPL,XNAS,1,1,1.0016345977783203,100,12.0,1
1749391610000000000,AAPL,XNAS,1,-1,1.002758502960205,100,1.0,1
1749391610000000000,AAPL,XNAS,2,1,1.0014814138412476,100,1.0,1
1749391610000000000,AAPL,XNAS,2,-1,1.00286066532135,100,100.0,1
1749391611000000000,AAPL,XNAS,1,1,1.0020943880081177,100,1.0,1
1749391611000000000,AAPL,XNAS,1,-1,1.002758502960205,100,2.0,1
1749391611000000000,AAPL,XNAS,2,1,1.0016345977783203,100,212.0,1
1749391611000000000,AAPL,XNAS,2,-1,1.00286066532135,100,100.0,1
1749391618000000000,AAPL,XNAS,1,1,1.0020943880081177,100,1.0,1
1749391618000000000,AAPL,XNAS,1,-1,1.002758502960205,100,2.0,1
1749391618000000000,AAPL,XNAS,2,1,1.0016345977783203,100,312.0,2
1749391618000000000,AAPL,XNAS,2,-1,1.00286066532135,100,100.0,1
1749391626000000000,AAPL,XNAS,1,1,1.0016857385635376,100,1.0,1
1749391626000000000,AAPL,XNAS,1,-1,1.002758502960205,100,105.0,1
1749391626000000000,AAPL,XNAS,2,1,1.0016345977783203,100,112.0,1
1749391626000000000,AAPL,XNAS,2,-1,1.00286066532135,100,100.0,1
1749391628000000000,AAPL,XNAS,1,1,1.0016857385635376,100,1.0,1
1749391628000000000,AAPL,XNAS,1,-1,1.0027073621749878,100,44.0,1
1749391628000000000,AAPL,XNAS,2,1,1.0016345977783203,100,112.0,1
1749391628000000000,AAPL,XNAS,2,-1,1.002758502960205,100,104.0,1
1749391629000000000,AAPL,XNAS,1,1,1.0016857385635376,100,1.0,1
1749391629000000000,AAPL,XNAS,1,-1,1.0027073621749878,100,149.0,1
1749391629000000000,AAPL,XNAS,2,1,1.0016345977783203,100,112.0,1
1749391629000000000,AAPL,XNAS,2,-1,1.002758502960205,100,3.0,1
1749391630000000000,AAPL,XNAS,1,1,1.0016857385635376,100,1.0,1
1749391630000000000,AAPL,XNAS,1,-1,1.0027073621749878,100,149.0,1
1749391630000000000,AAPL,XNAS,2,1,1.0016345977783203,100,112.0,1
1749391630000000000,AAPL,XNAS,2,-1,1.00286066532135,100,100.0,1
1749391631000000000,AAPL,XNAS,1,1,1.0016857385635376,100,1.0,1
1749391631000000000,AAPL,XNAS,1,-1,1.0027073621749878,100,44.0,1
1749391631000000000,AAPL,XNAS,2,1,1.0016345977783203,100,112.0,1
1749391631000000000,AAPL,XNAS,2,-1,1.00286066532135,100,100.0,1
1749391632000000000,AAPL,XNAS,1,1,1.0016857385635376,100,1.0,1
1749391632000000000,AAPL,XNAS,1,-1,1.00286066532135,100,100.0,1
1749391632000000000,AAPL,XNAS,2,1,1.0016345977783203,100,112.0,1
1749391632000000000,AAPL,XNAS,2,-1,1.003320336341858,100,26.0,1
1749391634000000000,AAPL,XNAS,1,1,1.0016857385635376,100,1.0,1
1749391634000000000,AAPL,XNAS,1,-1,1.00286066532135,100,100.0,1
1749391634000000000,AAPL,XNAS,2,1,1.0016345977783203,100,123.0,1
1749391634000000000,AAPL,XNAS,2,-1,1.003320336341858,100,26.0,1
1749391635000000000,AAPL,XNAS,1,1,1.0017368793487549,100,100.0,1
1749391635000000000,AAPL,XNAS,1,-1,1.00286066532135,100,100.0,1
1749391635000000000,AAPL,XNAS,2,1,1.0016857385635376,100,1.0,1
1749391635000000000,AAPL,XNAS,2,-1,1.003320336341858,100,26.0,1
1749391636000000000,AAPL,XNAS,1,1,1.0017368793487549,100,100.0,1
1749391636000000000,AAPL,XNAS,1,-1,1.00286066532135,100,102.0,1
1749391636000000000,AAPL,XNAS,2,1,1.0016857385635376,100,1.0,1
1749391636000000000,AAPL,XNAS,2,-1,1.003320336341858,100,26.0,1
1749391638000000000,AAPL,XNAS,1,1,1.0017368793487549,100,100.0,1
1749391638000000000,AAPL,XNAS,1,-1,1.00286066532135,100,203.0,1
1749391638000000000,AAPL,XNAS,2,1,1.0016857385635376,100,1.0,1
1749391638000000000,AAPL,XNAS,2,-1,1.003320336341858,100,26.0,1
1749391639000000000,AAPL,XNAS,1,1,1.0017368793487549,100,200.0,1
1749391639000000000,AAPL,XNAS,1,-1,1.00286066532135,100,103.0,1
1749391639000000000,AAPL,XNAS,2,1,1.0016857385635376,100,1.0,1
1749391639000000000,AAPL,XNAS,2,-1,1.003320336341858,100,26.0,1
1749391641000000000,AAPL,XNAS,1,1,1.0017879009246826,100,100.0,1
1749391641000000000,AAPL,XNAS,1,-1,1.00286066532135,100,102.0,1
1749391641000000000,AAPL,XNAS,2,1,1.0017368793487549,100,100.0,1
1749391641000000000,AAPL,XNAS,2,-1,1.003320336341858,100,26.0,1
1749391642000000000,AAPL,XNAS,1,1,1.0017879009246826,100,200.0,1
1749391642000000000,AAPL,XNAS,1,-1,1.00286066532135,100,102.0,1
1749391642000000000,AAPL,XNAS,2,1,1.0016857385635376,100,1.0,1
1749391642000000000,AAPL,XNAS,2,-1,1.003320336341858,100,26.0,1
1749391643000000000,AAPL,XNAS,1,1,1.0017879009246826,100,200.0,1
1749391643000000000,AAPL,XNAS,1,-1,1.0028095245361328,100,137.0,1
1749391643000000000,AAPL,XNAS,2,1,1.0016857385635376,100,1.0,1
1749391643000000000,AAPL,XNAS,2,-1,1.00286066532135,100,102.0,1
1749391645000000000,AAPL,XNAS,1,1,1.0017879009246826,100,200.0,1
1749391645000000000,AAPL,XNAS,1,-1,1.0028095245361328,100,37.0,1
1749391645000000000,AAPL,XNAS,2,1,1.0016857385635376,100,1.0,1
1749391645000000000,AAPL,XNAS,2,-1,1.00286066532135,100,100.0,1
1749391647000000000,AAPL,XNAS,1,1,1.0017879009246826,100,210.0,1
1749391647000000000,AAPL,XNAS,1,-1,1.0028095245361328,100,49.0,1
1749391647000000000,AAPL,XNAS,2,1,1.0016857385635376,100,1.0,1
1749391647000000000,AAPL,XNAS,2,-1,1.00286066532135,100,100.0,1
1749391652000000000,AAPL,XNAS,1,1,1.0017879009246826,100,210.0,1
1749391652000000000,AAPL,XNAS,1,-1,1.0028095245361328,100,150.0,1
1749391652000000000,AAPL,XNAS,2,1,1.0016857385635376,100,1.0,1
1749391652000000000,AAPL,XNAS,2,-1,1.00286066532135,100,100.0,1
1749391653000000000,AAPL,XNAS,1,1,1.0017879009246826,100,210.0,1
1749391653000000000,AAPL,XNAS,1,-1,1.0028095245361328,100,50.0,1
1749391653000000000,AAPL,XNAS,2,1,1.0016857385635376,100,1.0,1
1749391653000000000,AAPL,XNAS,2,-1,1.00286066532135,100,100.0,1
1749391657000000000,AAPL,XNAS,1,1,1.0018900632858276,100,3.0,1
1749391657000000000,AAPL,XNAS,1,-1,1.0028095245361328,100,50.0,1
1749391657000000000,AAPL,XNAS,2,1,1.0017879009246826,100,210.0,1
1749391657000000000,AAPL,XNAS,2,-1,1.00286066532135,100,100.0,1
1749391658000000000,AAPL,XNAS,1,1,1.0018900632858276,100,5.0,1
1749391658000000000,AAPL,XNAS,1,-1,1.0028095245361328,100,42.0,1
1749391658000000000,AAPL,XNAS,2,1,1.0017879009246826,100,210.0,1
1749391658000000000,AAPL,XNAS,2,-1,1.00286066532135,100,100.0,1
1749391659000000000,AAPL,XNAS,1,1,1.0018900632858276,100,305.0,2
1749391659000000000,AAPL,XNAS,1,-1,1.002758502960205,100,100.0,1
1749391659000000000,AAPL,XNAS,2,1,1.0017879009246826,100,10.0,1
1749391659000000000,AAPL,XNAS,2,-1,1.0028095245361328,100,41.0,1
1749391660000000000,AAPL,XNAS,1,1,1.001941204071045,100,100.0,1
1749391660000000000,AAPL,XNAS,1,-1,1.002758502960205,100,100.0,1
1749391660000000000,AAPL,XNAS,2,1,1.0018900632858276,100,305.0,2
1749391660000000000,AAPL,XNAS,2,-1,1.0028095245361328,100,40.0,1
1749391661000000000,AAPL,XNAS,1,1,1.001941204071045,100,100.0,1
1749391661000000000,AAPL,XNAS,1,-1,1.002758502960205,100,100.0,1
1749391661000000000,AAPL,XNAS,2,1,1.0018900632858276,100,303.0,2
1749391661000000000,AAPL,XNAS,2,-1,1.0028095245361328,100,36.0,1
1749391662000000000,AAPL,XNAS,1,1,1.001941204071045,100,200.0,1
1749391662000000000,AAPL,XNAS,1,-1,1.0028095245361328,100,36.0,1
1749391662000000000,AAPL,XNAS,2,1,1.0018900632858276,100,203.0,1
1749391662000000000,AAPL,XNAS,2,-1,1.00286066532135,100,100.0,1
1749391663000000000,AAPL,XNAS,1,1,1.001941204071045,100,200.0,1
1749391663000000000,AAPL,XNAS,1,-1,1.0028095245361328,100,37.0,1
1749391663000000000,AAPL,XNAS,2,1,1.0018900632858276,100,203.0,1
1749391663000000000,AAPL,XNAS,2,-1,1.00286066532135,100,100.0,1
1749391664000000000,AAPL,XNAS,1,1,1.001941204071045,100,300.0,2
1749391664000000000,AAPL,XNAS,1,-1,1.0028095245361328,100,37.0,1
1749391664000000000,AAPL,XNAS,2,1,1.0018900632858276,100,103.0,1
1749391664000000000,AAPL,XNAS,2,-1,1.00286066532135,100,100.0,1
1749391665000000000,AAPL,XNAS,1,1,1.001941204071045,100,300.0,2
1749391665000000000,AAPL,XNAS,1,-1,1.0028095245361328,100,36.0,1
1749391665000000000,AAPL,XNAS,2,1,1.0018900632858276,100,103.0,1
1749391665000000000,AAPL,XNAS,2,-1,1.00286066532135,100,100.0,1
1749391670000000000,AAPL,XNAS,1,1,1.001941204071045,100,200.0,1
1749391670000000000,AAPL,XNAS,1,-1,1.0028095245361328,100,24.0,1
1749391670000000000,AAPL,XNAS,2,1,1.0018900632858276,100,103.0,1
1749391670000000000,AAPL,XNAS,2,-1,1.00286066532135,100,100.0,1
1749391671000000000,AAPL,XNAS,1,1,1.00265634059906,100,210.0,1
1749391671000000000,AAPL,XNAS,1,-1,1.0034736394882202,100,100.0,1
1749391671000000000,AAPL,XNAS,2,1,1.0024008750915527,100,2.0,1
1749391671000000000,AAPL,XNAS,2,-1,1.0035247802734375,100,100.0,1
1749391672000000000,AAPL,XNAS,1,1,1.0030649900436401,100,2.0,1
1749391672000000000,AAPL,XNAS,1,-1,1.0035247802734375,100,100.0,1
1749391672000000000,AAPL,XNAS,2,1,1.00265634059906,100,110.0,1
1749391672000000000,AAPL,XNAS,2,-1,1.0038312673568726,100,50.0,1
1749391673000000000,AAPL,XNAS,1,1,1.00265634059906,100,310.0,2
1749391673000000000,AAPL,XNAS,1,-1,1.0035247802734375,100,245.0,2
1749391673000000000,AAPL,XNAS,2,1,1.0022987127304077,100,126.0,1
1749391673000000000,AAPL,XNAS,2,-1,1.0038312673568726,100,50.0,1
1749391674000000000,AAPL,XNAS,1,1,1.00265634059906,100,210.0,1
1749391674000000000,AAPL,XNAS,1,-1,1.0035247802734375,100,245.0,2
1749391674000000000,AAPL,XNAS,2,1,1.0022987127304077,100,100.0,1
1749391674000000000,AAPL,XNAS,2,-1,1.0038312673568726,100,50.0,1
1749391675000000000,AAPL,XNAS,1,1,1.00265634059906,100,210.0,1
1749391675000000000,AAPL,XNAS,1,-1,1.0035247802734375,100,245.0,2
1749391675000000000,AAPL,XNAS,2,1,1.0021965503692627,100,100.0,1
1749391675000000000,AAPL,XNAS,2,-1,1.0038312673568726,100,50.0,1
1749391677000000000,AAPL,XNAS,1,1,1.00265634059906,100,210.0,1
1749391677000000000,AAPL,XNAS,1,-1,1.0031160116195679,100,1.0,1
1749391677000000000,AAPL,XNAS,2,1,1.0021965503692627,100,100.0,1
1749391677000000000,AAPL,XNAS,2,-1,1.003320336341858,100,127.0,1
1749391679000000000,AAPL,XNAS,1,1,1.00265634059906,100,210.0,1
1749391679000000000,AAPL,XNAS,1,-1,1.0031160116195679,100,1.0,1
1749391679000000000,AAPL,XNAS,2,1,1.0021965503692627,100,100.0,1
1749391679000000000,AAPL,XNAS,2,-1,1.003320336341858,100,27.0,1
1749391680000000000,AAPL,XNAS,1,1,1.0027073621749878,100,1.0,1
1749391680000000000,AAPL,XNAS,1,-1,1.0031160116195679,100,1.0,1
1749391680000000000,AAPL,XNAS,2,1,1.00265634059906,100,210.0,1
1749391680000000000,AAPL,XNAS,2,-1,1.003320336341858,100,27.0,1
1749391686000000000,AAPL,XNAS,1,1,1.0027073621749878,100,1.0,1
1749391686000000000,AAPL,XNAS,1,-1,1.0035247802734375,100,100.0,1
1749391686000000000,AAPL,XNAS,2,1,1.00265634059906,100,210.0,1
1749391686000000000,AAPL,XNAS,2,-1,1.0038312673568726,100,50.0,1
1749391688000000000,AAPL,XNAS,1,1,1.0027073621749878,100,1.0,1
1749391688000000000,AAPL,XNAS,1,-1,1.0035247802734375,100,100.0,1
1749391688000000000,AAPL,XNAS,2,1,1.00265634059906,100,260.0,2
1749391688000000000,AAPL,XNAS,2,-1,1.0038312673568726,100,50.0,1
1749391700000000000,AAPL,XNAS,1,1,1.002758502960205,100,150.0,1
1749391700000000000,AAPL,XNAS,1,-1,1.0035247802734375,100,100.0,1
1749391700000000000,AAPL,XNAS,2,1,1.0027073621749878,100,101.0,1
1749391700000000000,AAPL,XNAS,2,-1,1.0038312673568726,100,50.0,1
1749391702000000000,AAPL,XNAS,1,1,1.0028095245361328,100,200.0,1
1749391702000000000,AAPL,XNAS,1,-1,1.0035247802734375,100,100.0,1
1749391702000000000,AAPL,XNAS,2,1,1.002758502960205,100,150.0,1
1749391702000000000,AAPL,XNAS,2,-1,1.0038312673568726,100,50.0,1
1749391703000000000,AAPL,XNAS,1,1,1.00286066532135,100,1.0,1
1749391703000000000,AAPL,XNAS,1,-1,1.0035247802734375,100,100.0,1
1749391703000000000,AAPL,XNAS,2,1,1.0028095245361328,100,118.0,1
1749391703000000000,AAPL,XNAS,2,-1,1.0038312673568726,100,50.0,1
1749391704000000000,AAPL,XNAS,1,1,1.0029116868972778,100,100.0,1
1749391704000000000,AAPL,XNAS,1,-1,1.0039334297180176,100,27.0,1
1749391704000000000,AAPL,XNAS,2,1,1.00286066532135,100,2.0,1
1749391704000000000,AAPL,XNAS,2,-1,1.0040866136550903,100,100.0,1
1749391705000000000,AAPL,XNAS,1,1,1.0029116868972778,100,250.0,2
1749391705000000000,AAPL,XNAS,1,-1,1.0038822889328003,100,246.0,2
1749391705000000000,AAPL,XNAS,2,1,1.00286066532135,100,1.0,1
1749391705000000000,AAPL,XNAS,2,-1,1.0039334297180176,100,26.0,1
1749391706000000000,AAPL,XNAS,1,1,1.0029116868972778,100,450.0,3
1749391706000000000,AAPL,XNAS,1,-1,1.0038822889328003,100,46.0,1
1749391706000000000,AAPL,XNAS,2,1,1.00286066532135,100,1.0,1
1749391706000000000,AAPL,XNAS,2,-1,1.0039334297180176,100,26.0,1
1749391708000000000,AAPL,XNAS,1,1,1.0030649900436401,100,1.0,1
1749391708000000000,AAPL,XNAS,1,-1,1.0041887760162354,100,151.0,1
1749391708000000000,AAPL,XNAS,2,1,1.0029628276824951,100,100.0,1
1749391708000000000,AAPL,XNAS,2,-1,1.0045464038848877,100,100.0,1
1749391709000000000,AAPL,XNAS,1,1,1.0030649900436401,100,2.0,1
1749391709000000000,AAPL,XNAS,1,-1,1.0041377544403076,100,48.0,1
1749391709000000000,AAPL,XNAS,2,1,1.0029628276824951,100,100.0,1
1749391709000000000,AAPL,XNAS,2,-1,1.0045974254608154,100,46.0,1
1749391710000000000,AAPL,XNAS,1,1,1.0031160116195679,100,1.0,1
1749391710000000000,AAPL,XNAS,1,-1,1.0040866136550903,100,200.0,1
1749391710000000000,AAPL,XNAS,2,1,1.0030649900436401,100,1.0,1
1749391710000000000,AAPL,XNAS,2,-1,1.0041377544403076,100,48.0,1
1749391711000000000,AAPL,XNAS,1,1,1.0031671524047852,100,100.0,1
1749391711000000000,AAPL,XNAS,1,-1,1.0040866136550903,100,150.0,1
1749391711000000000,AAPL,XNAS,2,1,1.0031160116195679,100,101.0,1
1749391711000000000,AAPL,XNAS,2,-1,1.0041377544403076,100,48.0,1
1749391712000000000,AAPL,XNAS,1,1,1.003218173980713,100,100.0,1
1749391712000000000,AAPL,XNAS,1,-1,1.0040866136550903,100,150.0,1
1749391712000000000,AAPL,XNAS,2,1,1.0031671524047852,100,100.0,1
1749391712000000000,AAPL,XNAS,2,-1,1.0041377544403076,100,48.0,1
1749391714000000000,AAPL,XNAS,1,1,1.003218173980713,100,100.0,1
1749391714000000000,AAPL,XNAS,1,-1,1.0040866136550903,100,150.0,1
1749391714000000000,AAPL,XNAS,2,1,1.0031160116195679,100,100.0,1
1749391714000000000,AAPL,XNAS,2,-1,1.0041377544403076,100,48.0,1
1749391715000000000,AAPL,XNAS,1,1,1.003218173980713,100,250.0,2
1749391715000000000,AAPL,XNAS,1,-1,1.0040866136550903,100,150.0,1
1749391715000000000,AAPL,XNAS,2,1,1.0030649900436401,100,1.0,1
1749391715000000000,AAPL,XNAS,2,-1,1.0041377544403076,100,48.0,1
1749391717000000000,AAPL,XNAS,1,1,1.0032693147659302,100,100.0,1
1749391717000000000,AAPL,XNAS,1,-1,1.0044952630996704,100,55.0,1
1749391717000000000,AAPL,XNAS,2,1,1.003218173980713,100,250.0,2
1749391717000000000,AAPL,XNAS,2,-1,1.0045974254608154,100,46.0,1
1749391718000000000,AAPL,XNAS,1,1,1.0032693147659302,100,200.0,1
1749391718000000000,AAPL,XNAS,1,-1,1.0044952630996704,100,55.0,1
1749391718000000000,AAPL,XNAS,2,1,1.003218173980713,100,150.0,1
1749391718000000000,AAPL,XNAS,2,-1,1.0045974254608154,100,46.0,1
1749391719000000000,AAPL,XNAS,1,1,1.0032693147659302,100,200.0,1
1749391719000000000,AAPL,XNAS,1,-1,1.0044952630996704,100,55.0,1
1749391719000000000,AAPL,XNAS,2,1,1.003218173980713,100,150.0,1
1749391719000000000,AAPL,XNAS,2,-1,1.0045974254608154,100,26.0,1
1749391720000000000,AAPL,XNAS,1,1,1.0032693147659302,100,300.0,2
1749391720000000000,AAPL,XNAS,1,-1,1.0044952630996704,100,56.0,1
1749391720000000000,AAPL,XNAS,2,1,1.0030649900436401,100,1.0,1
1749391720000000000,AAPL,XNAS,2,-1,1.0045974254608154,100,26.0,1
1749391721000000000,AAPL,XNAS,1,1,1.0032693147659302,100,450.0,3
1749391721000000000,AAPL,XNAS,1,-1,1.0044442415237427,100,149.0,1
1749391721000000000,AAPL,XNAS,2,1,1.0030649900436401,100,1.0,1
1749391721000000000,AAPL,XNAS,2,-1,1.0044952630996704,100,55.0,1
1749391722000000000,AAPL,XNAS,1,1,1.003320336341858,100,1.0,1
1749391722000000000,AAPL,XNAS,1,-1,1.0044442415237427,100,49.0,1
1749391722000000000,AAPL,XNAS,2,1,1.0032693147659302,100,350.0,2
1749391722000000000,AAPL,XNAS,2,-1,1.0044952630996704,100,55.0,1
1749391724000000000,AAPL,XNAS,1,1,1.0033714771270752,100,100.0,1
1749391724000000000,AAPL,XNAS,1,-1,1.0043931007385254,100,249.0,2
1749391724000000000,AAPL,XNAS,2,1,1.003320336341858,100,101.0,1
1749391724000000000,AAPL,XNAS,2,-1,1.0044442415237427,100,49.0,1
1749391725000000000,AAPL,XNAS,1,1,1.0033714771270752,100,100.0,1
1749391725000000000,AAPL,XNAS,1,-1,1.0043931007385254,100,49.0,1
1749391725000000000,AAPL,XNAS,2,1,1.003320336341858,100,100.0,1
1749391725000000000,AAPL,XNAS,2,-1,1.0044442415237427,100,49.0,1
1749391726000000000,AAPL,XNAS,1,1,1.0033714771270752,100,150.0,1
1749391726000000000,AAPL,XNAS,1,-1,1.0043931007385254,100,49.0,1
1749391726000000000,AAPL,XNAS,2,1,1.003320336341858,100,100.0,1
1749391726000000000,AAPL,XNAS,2,-1,1.0044442415237427,100,49.0,1
1749391727000000000,AAPL,XNAS,1,1,1.0033714771270752,100,250.0,2
1749391727000000000,AAPL,XNAS,1,-1,1.0044952630996704,100,55.0,1
1749391727000000000,AAPL,XNAS,2,1,1.0030649900436401,100,1.0,1
1749391727000000000,AAPL,XNAS,2,-1,1.0045974254608154,100,26.0,1
1749391731000000000,AAPL,XNAS,1,1,1.003422498703003,100,3.0,1
1749391731000000000,AAPL,XNAS,1,-1,1.0042399168014526,100,49.0,1
1749391731000000000,AAPL,XNAS,2,1,1.0033714771270752,100,250.0,2
1749391731000000000,AAPL,XNAS,2,-1,1.0044952630996704,100,105.0,1
1749391735000000000,AAPL,XNAS,1,1,1.003422498703003,100,3.0,1
1749391735000000000,AAPL,XNAS,1,-1,1.0042399168014526,100,49.0,1
1749391735000000000,AAPL,XNAS,2,1,1.0033714771270752,100,250.0,2
1749391735000000000,AAPL,XNAS,2,-1,1.0043931007385254,100,1.0,1
1749391737000000000,AAPL,XNAS,1,1,1.003422498703003,100,3.0,1
1749391737000000000,AAPL,XNAS,1,-1,1.0042399168014526,100,49.0,1
1749391737000000000,AAPL,XNAS,2,1,1.0033714771270752,100,250.0,2
1749391737000000000,AAPL,XNAS,2,-1,1.0043931007385254,100,131.0,1
1749391743000000000,AAPL,XNAS,1,1,1.003422498703003,100,3.0,1
1749391743000000000,AAPL,XNAS,1,-1,1.0042399168014526,100,49.0,1
1749391743000000000,AAPL,XNAS,2,1,1.0033714771270752,100,250.0,2
1749391743000000000,AAPL,XNAS,2,-1,1.0042909383773804,100,1.0,1
1749391744000000000,AAPL,XNAS,1,1,1.003422498703003,100,3.0,1
1749391744000000000,AAPL,XNAS,1,-1,1.0042399168014526,100,49.0,1
1749391744000000000,AAPL,XNAS,2,1,1.0033714771270752,100,250.0,2
1749391744000000000,AAPL,XNAS,2,-1,1.0042909383773804,100,2.0,1
1749391745000000000,AAPL,XNAS,1,1,1.003422498703003,100,3.0,1
1749391745000000000,AAPL,XNAS,1,-1,1.0042399168014526,100,49.0,1
1749391745000000000,AAPL,XNAS,2,1,1.0033714771270752,100,250.0,2
1749391745000000000,AAPL,XNAS,2,-1,1.0042909383773804,100,35.0,1
1749391748000000000,AAPL,XNAS,1,1,1.003422498703003,100,3.0,1
1749391748000000000,AAPL,XNAS,1,-1,1.0042909383773804,100,35.0,1
1749391748000000000,AAPL,XNAS,2,1,1.0033714771270752,100,250.0,2
1749391748000000000,AAPL,XNAS,2,-1,1.0045974254608154,100,26.0,1
1749391749000000000,AAPL,XNAS,1,1,1.003422498703003,100,153.0,1
1749391749000000000,AAPL,XNAS,1,-1,1.0042909383773804,100,33.0,1
1749391749000000000,AAPL,XNAS,2,1,1.0033714771270752,100,100.0,1
1749391749000000000,AAPL,XNAS,2,-1,1.0045974254608154,100,26.0,1
1749391750000000000,AAPL,XNAS,1,1,1.003422498703003,100,153.0,1
1749391750000000000,AAPL,XNAS,1,-1,1.0042909383773804,100,33.0,1
1749391750000000000,AAPL,XNAS,2,1,1.0033714771270752,100,100.0,1
1749391750000000000,AAPL,XNAS,2,-1,1.0045464038848877,100,101.0,1
1749391751000000000,AAPL,XNAS,1,1,1.003422498703003,100,253.0,2
1749391751000000000,AAPL,XNAS,1,-1,1.0042909383773804,100,33.0,1
1749391751000000000,AAPL,XNAS,2,1,1.0030138492584229,100,100.0,1
1749391751000000000,AAPL,XNAS,2,-1,1.0044952630996704,100,102.0,1
1749391758000000000,AAPL,XNAS,1,1,1.003422498703003,100,253.0,2
1749391758000000000,AAPL,XNAS,1,-1,1.0042909383773804,100,33.0,1
1749391758000000000,AAPL,XNAS,2,1,1.0030138492584229,100,100.0,1
1749391758000000000,AAPL,XNAS,2,-1,1.0043931007385254,100,101.0,1
1749391759000000000,AAPL,XNAS,1,1,1.003422498703003,100,253.0,2
1749391759000000000,AAPL,XNAS,1,-1,1.0042909383773804,100,33.0,1
1749391759000000000,AAPL,XNAS,2,1,1.0030138492584229,100,100.0,1
1749391759000000000,AAPL,XNAS,2,-1,1.0043931007385254,100,2.0,1
1749391760000000000,AAPL,XNAS,1,1,1.003422498703003,100,253.0,2
1749391760000000000,AAPL,XNAS,1,-1,1.0042909383773804,100,33.0,1
1749391760000000000,AAPL,XNAS,2,1,1.0030138492584229,100,300.0,2
1749391760000000000,AAPL,XNAS,2,-1,1.0043931007385254,100,2.0,1
1749391763000000000,AAPL,XNAS,1,1,1.003422498703003,100,253.0,2
1749391763000000000,AAPL,XNAS,1,-1,1.0042909383773804,100,33.0,1
1749391763000000000,AAPL,XNAS,2,1,1.0030138492584229,100,200.0,1
1749391763000000000,AAPL,XNAS,2,-1,1.0043931007385254,100,2.0,1
1749391767000000000,AAPL,XNAS,1,1,1.003422498703003,100,253.0,2
1749391767000000000,AAPL,XNAS,1,-1,1.0042909383773804,100,33.0,1
1749391767000000000,AAPL,XNAS,2,1,1.0030138492584229,100,100.0,1
1749391767000000000,AAPL,XNAS,2,-1,1.0043931007385254,100,2.0,1
1749391769000000000,AAPL,XNAS,1,1,1.003422498703003,100,253.0,2
1749391769000000000,AAPL,XNAS,1,-1,1.0042909383773804,100,33.0,1
1749391769000000000,AAPL,XNAS,2,1,1.0030138492584229,100,100.0,1
1749391769000000000,AAPL,XNAS,2,-1,1.0043420791625977,100,2.0,1
1749391775000000000,AAPL,XNAS,1,1,1.003422498703003,100,253.0,2
1749391775000000000,AAPL,XNAS,1,-1,1.0042909383773804,100,33.0,1
1749391775000000000,AAPL,XNAS,2,1,1.0030138492584229,100,100.0,1
1749391775000000000,AAPL,XNAS,2,-1,1.0043420791625977,100,3.0,1
1749391780000000000,AAPL,XNAS,1,1,1.003422498703003,100,253.0,2
1749391780000000000,AAPL,XNAS,1,-1,1.0042909383773804,100,34.0,1
1749391780000000000,AAPL,XNAS,2,1,1.0030138492584229,100,100.0,1
1749391780000000000,AAPL,XNAS,2,-1,1.0043420791625977,100,2.0,1
1749391781000000000,AAPL,XNAS,1,1,1.003422498703003,100,253.0,2
1749391781000000000,AAPL,XNAS,1,-1,1.0042909383773804,100,136.0,1
1749391781000000000,AAPL,XNAS,2,1,1.0030138492584229,100,100.0,1
1749391781000000000,AAPL,XNAS,2,-1,1.0045974254608154,100,26.0,1
1749391791000000000,AAPL,XNAS,1,1,1.0038312673568726,100,11.0,1
1749391791000000000,AAPL,XNAS,1,-1,1.0042909383773804,100,34.0,1
1749391791000000000,AAPL,XNAS,2,1,1.003422498703003,100,293.0,2
1749391791000000000,AAPL,XNAS,2,-1,1.0045974254608154,100,127.0,1
1749391792000000000,AAPL,XNAS,1,1,1.0038312673568726,100,11.0,1
1749391792000000000,AAPL,XNAS,1,-1,1.0042909383773804,100,34.0,1
1749391792000000000,AAPL,XNAS,2,1,1.003422498703003,100,293.0,2
1749391792000000000,AAPL,XNAS,2,-1,1.0045974254608154,100,128.0,1
1749391793000000000,AAPL,XNAS,1,1,1.0038312673568726,100,11.0,1
1749391793000000000,AAPL,XNAS,1,-1,1.0042909383773804,100,35.0,1
1749391793000000000,AAPL,XNAS,2,1,1.003422498703003,100,293.0,2
1749391793000000000,AAPL,XNAS,2,-1,1.0045464038848877,100,101.0,1
1749391794000000000,AAPL,XNAS,1,1,1.0038312673568726,100,11.0,1
1749391794000000000,AAPL,XNAS,1,-1,1.0042909383773804,100,35.0,1
1749391794000000000,AAPL,XNAS,2,1,1.003422498703003,100,293.0,2
1749391794000000000,AAPL,XNAS,2,-1,1.0044952630996704,100,2.0,1
1749391795000000000,AAPL,XNAS,1,1,1.0038312673568726,100,11.0,1
1749391795000000000,AAPL,XNAS,1,-1,1.0042909383773804,100,35.0,1
1749391795000000000,AAPL,XNAS,2,1,1.003422498703003,100,293.0,2
1749391795000000000,AAPL,XNAS,2,-1,1.0044442415237427,100,102.0,1
1749391796000000000,AAPL,XNAS,1,1,1.0038312673568726,100,11.0,1
1749391796000000000,AAPL,XNAS,1,-1,1.0042909383773804,100,35.0,1
1749391796000000000,AAPL,XNAS,2,1,1.003422498703003,100,293.0,2
1749391796000000000,AAPL,XNAS,2,-1,1.0044442415237427,100,3.0,1
1749391798000000000,AAPL,XNAS,1,1,1.0038312673568726,100,1.0,1
1749391798000000000,AAPL,XNAS,1,-1,1.0042909383773804,100,35.0,1
1749391798000000000,AAPL,XNAS,2,1,1.003422498703003,100,293.0,2
1749391798000000000,AAPL,XNAS,2,-1,1.0045464038848877,100,101.0,1
1749391799000000000,AAPL,XNAS,1,1,1.0038312673568726,100,1.0,1
1749391799000000000,AAPL,XNAS,1,-1,1.0042909383773804,100,35.0,1
1749391799000000000,AAPL,XNAS,2,1,1.003422498703003,100,293.0,2
1749391799000000000,AAPL,XNAS,2,-1,1.0044952630996704,100,102.0,1
1749391800000000000,AAPL,XNAS,1,1,0.9998552203178406,100,20.0,1
1749391800000000000,AAPL,XNAS,1,-1,1.0000965595245361,100,90.0,1
1749391800000000000,AAPL,XNAS,2,1,0.9997587203979492,100,2.0,1
1749391800000000000,AAPL,XNAS,2,-1,1.0001447200775146,100,111.0,1
1749391803000000000,AAPL,XNAS,1,1,0.9998552203178406,100,20.0,1
1749391803000000000,AAPL,XNAS,1,-1,1.0000965595245361,100,90.0,1
1749391803000000000,AAPL,XNAS,2,1,0.9997587203979492,100,2.0,1
1749391803000000000,AAPL,XNAS,2,-1,1.0001447200775146,100,139.0,1
1749391808000000000,AAPL,XNAS,1,1,0.9998552203178406,100,20.0,1
1749391808000000000,AAPL,XNAS,1,-1,1.0000965595245361,100,90.0,1
1749391808000000000,AAPL,XNAS,2,1,0.9997587203979492,100,2.0,1
1749391808000000000,AAPL,XNAS,2,-1,1.0001447200775146,100,139.0,1
1749391818000000000,AAPL,XNAS,1,1,0.9998552203178406,100,20.0,1
1749391818000000000,AAPL,XNAS,1,-1,1.0000965595245361,100,90.0,1
1749391818000000000,AAPL,XNAS,2,1,0.9997587203979492,100,2.0,1
1749391818000000000,AAPL,XNAS,2,-1,1.0001447200775146,100,139.0,1
1749391819000000000,AAPL,XNAS,1,1,0.9999517202377319,100,2.0,1
1749391819000000000,AAPL,XNAS,1,-1,1.0002412796020508,100,100.0,1
1749391819000000000,AAPL,XNAS,2,1,0.9997587203979492,100,2.0,1
1749391819000000000,AAPL,XNAS,2,-1,1.0004342794418335,100,20.0,1
1749391820000000000,AAPL,XNAS,1,1,0.9999517202377319,100,2.0,1
1749391820000000000,AAPL,XNAS,1,-1,1.0002412796020508,100,100.0,1
1749391820000000000,AAPL,XNAS,2,1,0.9997587203979492,100,100.0,1
1749391820000000000,AAPL,XNAS,2,-1,1.0004342794418335,100,20.0,1
1749391821000000000,AAPL,XNAS,1,1,0.9998070001602173,100,90.0,1
1749391821000000000,AAPL,XNAS,1,-1,1.0002412796020508,100,100.0,1
1749391821000000000,AAPL,XNAS,2,1,0.9997587203979492,100,2.0,1
1749391821000000000,AAPL,XNAS,2,-1,1.0004342794418335,100,20.0,1
1749391822000000000,AAPL,XNAS,1,1,0.9998070001602173,100,190.0,1
1749391822000000000,AAPL,XNAS,1,-1,1.0002412796020508,100,100.0,1
1749391822000000000,AAPL,XNAS,2,1,0.9997587203979492,100,100.0,1
1749391822000000000,AAPL,XNAS,2,-1,1.0004342794418335,100,20.0,1
1749391824000000000,AAPL,XNAS,1,1,0.9998070001602173,100,192.0,1
1749391824000000000,AAPL,XNAS,1,-1,1.0001929998397827,100,100.0,1
1749391824000000000,AAPL,XNAS,2,1,0.9997587203979492,100,100.0,1
1749391824000000000,AAPL,XNAS,2,-1,1.0002412796020508,100,100.0,1
1749391827000000000,AAPL,XNAS,1,1,0.9999035000801086,100,95.0,1
1749391827000000000,AAPL,XNAS,1,-1,1.0002412796020508,100,100.0,1
1749391827000000000,AAPL,XNAS,2,1,0.9998070001602173,100,2.0,1
1749391827000000000,AAPL,XNAS,2,-1,1.0004342794418335,100,45.0,1
1749391828000000000,AAPL,XNAS,1,1,0.9999517202377319,100,195.0,1
1749391828000000000,AAPL,XNAS,1,-1,1.0002412796020508,100,100.0,1
1749391828000000000,AAPL,XNAS,2,1,0.9998552203178406,100,100.0,1
1749391828000000000,AAPL,XNAS,2,-1,1.0004342794418335,100,45.0,1
1749391829000000000,AAPL,XNAS,1,1,0.9999517202377319,100,196.0,1
1749391829000000000,AAPL,XNAS,1,-1,1.0002412796020508,100,200.0,1
1749391829000000000,AAPL,XNAS,2,1,0.9998552203178406,100,100.0,1
1749391829000000000,AAPL,XNAS,2,-1,1.0004342794418335,100,45.0,1
1749391830000000000,AAPL,XNAS,1,1,0.9999517202377319,100,6.0,1
1749391830000000000,AAPL,XNAS,1,-1,1.0002412796020508,100,200.0,1
1749391830000000000,AAPL,XNAS,2,1,0.9999035000801086,100,100.0,1
1749391830000000000,AAPL,XNAS,2,-1,1.0004342794418335,100,45.0,1
1749391831000000000,AAPL,XNAS,1,1,0.9999517202377319,100,7.0,1
1749391831000000000,AAPL,XNAS,1,-1,1.0002412796020508,100,200.0,1
1749391831000000000,AAPL,XNAS,2,1,0.9998552203178406,100,100.0,1
1749391831000000000,AAPL,XNAS,2,-1,1.0004342794418335,100,45.0,1
1749391832000000000,AAPL,XNAS,1,1,0.9999517202377319,100,107.0,1
1749391832000000000,AAPL,XNAS,1,-1,1.0002412796020508,100,200.0,1
1749391832000000000,AAPL,XNAS,2,1,0.9998552203178406,100,100.0,1
1749391832000000000,AAPL,XNAS,2,-1,1.0004342794418335,100,45.0,1
1749391833000000000,AAPL,XNAS,1,1,0.9999517202377319,100,107.0,1
1749391833000000000,AAPL,XNAS,1,-1,1.0002412796020508,100,200.0,1
1749391833000000000,AAPL,XNAS,2,1,0.9998552203178406,100,100.0,1
1749391833000000000,AAPL,XNAS,2,-1,1.0004342794418335,100,45.0,1
1749391834000000000,AAPL,XNAS,1,1,0.9999517202377319,100,5.0,1
1749391834000000000,AAPL,XNAS,1,-1,1.0001929998397827,100,90.0,1
1749391834000000000,AAPL,XNAS,2,1,0.9998552203178406,100,100.0,1
1749391834000000000,AAPL,XNAS,2,-1,1.0002412796020508,100,200.0,1
1749391835000000000,AAPL,XNAS,1,1,0.9999517202377319,100,5.0,1
1749391835000000000,AAPL,XNAS,1,-1,1.0001929998397827,100,90.0,1
1749391835000000000,AAPL,XNAS,2,1,0.9998070001602173,100,2.0,1
1749391835000000000,AAPL,XNAS,2,-1,1.0002412796020508,100,200.0,1
1749391837000000000,AAPL,XNAS,1,1,0.9998070001602173,100,202.0,1
1749391837000000000,AAPL,XNAS,1,-1,1.0001929998397827,100,90.0,1
1749391837000000000,AAPL,XNAS,2,1,0.9997587203979492,100,104.0,1
1749391837000000000,AAPL,XNAS,2,-1,1.0002412796020508,100,200.0,1
1749391838000000000,AAPL,XNAS,1,1,0.9998070001602173,100,204.0,1
1749391838000000000,AAPL,XNAS,1,-1,1.0001929998397827,100,90.0,1
1749391838000000000,AAPL,XNAS,2,1,0.9997587203979492,100,104.0,1
1749391838000000000,AAPL,XNAS,2,-1,1.0002412796020508,100,200.0,1
1749391839000000000,AAPL,XNAS,1,1,0.9998070001602173,100,204.0,1
1749391839000000000,AAPL,XNAS,1,-1,1.0001929998397827,100,91.0,1
1749391839000000000,AAPL,XNAS,2,1,0.9997587203979492,100,104.0,1
1749391839000000000,AAPL,XNAS,2,-1,1.0002412796020508,100,100.0,1
1749391841000000000,AAPL,XNAS,1,1,0.9998070001602173,100,2.0,1
1749391841000000000,AAPL,XNAS,1,-1,1.0001929998397827,100,91.0,1
1749391841000000000,AAPL,XNAS,2,1,0.9997587203979492,100,104.0,1
1749391841000000000,AAPL,XNAS,2,-1,1.0002412796020508,100,100.0,1
1749391846000000000,AAPL,XNAS,1,1,0.9998070001602173,100,104.0,1
1749391846000000000,AAPL,XNAS,1,-1,1.0001929998397827,100,91.0,1
1749391846000000000,AAPL,XNAS,2,1,0.9997587203979492,100,104.0,1
1749391846000000000,AAPL,XNAS,2,-1,1.0002412796020508,100,100.0,1
1749391847000000000,AAPL,XNAS,1,1,0.9998070001602173,100,105.0,1
1749391847000000000,AAPL,XNAS,1,-1,1.0001929998397827,100,1.0,1
1749391847000000000,AAPL,XNAS,2,1,0.9997587203979492,100,104.0,1
1749391847000000000,AAPL,XNAS,2,-1,1.0002412796020508,100,100.0,1
1749391850000000000,AAPL,XNAS,1,1,0.9998070001602173,100,1.0,1
1749391850000000000,AAPL,XNAS,1,-1,1.0001447200775146,100,96.0,1
1749391850000000000,AAPL,XNAS,2,1,0.9997587203979492,100,104.0,1
1749391850000000000,AAPL,XNAS,2,-1,1.0001929998397827,100,100.0,1
1749391851000000000,AAPL,XNAS,1,1,0.9997587203979492,100,105.0,1
1749391851000000000,AAPL,XNAS,1,-1,1.0001447200775146,100,96.0,1
1749391851000000000,AAPL,XNAS,2,1,0.9995657205581665,100,22.0,1
1749391851000000000,AAPL,XNAS,2,-1,1.0001929998397827,100,100.0,1
1749391856000000000,AAPL,XNAS,1,1,0.9997587203979492,100,5.0,1
1749391856000000000,AAPL,XNAS,1,-1,1.000048279762268,100,6.0,1
1749391856000000000,AAPL,XNAS,2,1,0.9996622204780579,100,102.0,1
1749391856000000000,AAPL,XNAS,2,-1,1.0001929998397827,100,100.0,1
1749391857000000000,AAPL,XNAS,1,1,0.9995657205581665,100,222.0,1
1749391857000000000,AAPL,XNAS,1,-1,0.9999035000801086,100,6.0,1
1749391857000000000,AAPL,XNAS,2,1,0.9995174407958984,100,100.0,1
1749391857000000000,AAPL,XNAS,2,-1,1.0000965595245361,100,25.0,1
1749391859000000000,AAPL,XNAS,1,1,0.9996622204780579,100,2.0,1
1749391859000000000,AAPL,XNAS,1,-1,0.9999035000801086,100,6.0,1
1749391859000000000,AAPL,XNAS,2,1,0.9995657205581665,100,222.0,1
1749391859000000000,AAPL,XNAS,2,-1,0.9999517202377319,100,100.0,1
1749391860000000000,AAPL,XNAS,1,1,0.9995657205581665,100,122.0,1
1749391860000000000,AAPL,XNAS,1,-1,0.9998552203178406,100,96.0,1
1749391860000000000,AAPL,XNAS,2,1,0.9995174407958984,100,100.0,1
1749391860000000000,AAPL,XNAS,2,-1,0.9999035000801086,100,100.0,1
1749391861000000000,AAPL,XNAS,1,1,0.9995657205581665,100,22.0,1
1749391861000000000,AAPL,XNAS,1,-1,0.9998552203178406,100,96.0,1
1749391861000000000,AAPL,XNAS,2,1,0.9995174407958984,100,200.0,1
1749391861000000000,AAPL,XNAS,2,-1,0.9999035000801086,100,100.0,1
1749391862000000000,AAPL,XNAS,1,1,0.9995657205581665,100,22.0,1
1749391862000000000,AAPL,XNAS,1,-1,0.9998552203178406,100,96.0,1
1749391862000000000,AAPL,XNAS,2,1,0.9995174407958984,100,100.0,1
1749391862000000000,AAPL,XNAS,2,-1,0.9999035000801086,100,100.0,1
1749391865000000000,AAPL,XNAS,1,1,0.9995657205581665,100,22.0,1
1749391865000000000,AAPL,XNAS,1,-1,0.9998552203178406,100,96.0,1
1749391865000000000,AAPL,XNAS,2,1,0.9995174407958984,100,100.0,1
1749391865000000000,AAPL,XNAS,2,-1,0.9999517202377319,100,100.0,1
1749391870000000000,AAPL,XNAS,1,1,0.9995174407958984,100,100.0,1
1749391870000000000,AAPL,XNAS,1,-1,0.9998552203178406,100,96.0,1
1749391870000000000,AAPL,XNAS,2,1,0.9994692206382751,100,100.0,1
1749391870000000000,AAPL,XNAS,2,-1,0.9999517202377319,100,100.0,1
1749391871000000000,AAPL,XNAS,1,1,0.9995174407958984,100,100.0,1
1749391871000000000,AAPL,XNAS,1,-1,0.9998552203178406,100,96.0,1
1749391871000000000,AAPL,XNAS,2,1,0.9994692206382751,100,100.0,1
1749391871000000000,AAPL,XNAS,2,-1,0.9999035000801086,100,25.0,1
1749391874000000000,AAPL,XNAS,1,1,0.9995657205581665,100,90.0,1
1749391874000000000,AAPL,XNAS,1,-1,0.9999035000801086,100,25.0,1
1749391874000000000,AAPL,XNAS,2,1,0.9995174407958984,100,100.0,1
1749391874000000000,AAPL,XNAS,2,-1,0.9999517202377319,100,100.0,1
1749391875000000000,AAPL,XNAS,1,1,0.9995657205581665,100,100.0,1
1749391875000000000,AAPL,XNAS,1,-1,0.9999035000801086,100,25.0,1
1749391875000000000,AAPL,XNAS,2,1,0.9995174407958984,100,201.0,1
1749391875000000000,AAPL,XNAS,2,-1,0.9999517202377319,100,100.0,1
1749391876000000000,AAPL,XNAS,1,1,0.9995657205581665,100,109.0,1
1749391876000000000,AAPL,XNAS,1,-1,0.9999035000801086,100,25.0,1
1749391876000000000,AAPL,XNAS,2,1,0.9995174407958984,100,101.0,1
1749391876000000000,AAPL,XNAS,2,-1,0.9999517202377319,100,100.0,1
1749391878000000000,AAPL,XNAS,1,1,0.9996622204780579,100,100.0,1
1749391878000000000,AAPL,XNAS,1,-1,0.9999035000801086,100,25.0,1
1749391878000000000,AAPL,XNAS,2,1,0.9996140003204346,100,90.0,1
1749391878000000000,AAPL,XNAS,2,-1,0.9999517202377319,100,100.0,1
1749391879000000000,AAPL,XNAS,1,1,0.9998552203178406,100,100.0,1
1749391879000000000,AAPL,XNAS,1,-1,1.0001447200775146,100,100.0,1
1749391879000000000,AAPL,XNAS,2,1,0.9996140003204346,100,296.0,2
1749391879000000000,AAPL,XNAS,2,-1,1.0006755590438843,100,26.0,1
1749391880000000000,AAPL,XNAS,1,1,0.9998070001602173,100,100.0,1
1749391880000000000,AAPL,XNAS,1,-1,1.0001447200775146,100,100.0,1
1749391880000000000,AAPL,XNAS,2,1,0.9996140003204346,100,200.0,1
1749391880000000000,AAPL,XNAS,2,-1,1.0006755590438843,100,26.0,1
1749391881000000000,AAPL,XNAS,1,1,0.9996140003204346,100,400.0,3
1749391881000000000,AAPL,XNAS,1,-1,1.0000965595245361,100,90.0,1
1749391881000000000,AAPL,XNAS,2,1,0.9995657205581665,100,109.0,1
1749391881000000000,AAPL,XNAS,2,-1,1.0001447200775146,100,100.0,1
1749391882000000000,AAPL,XNAS,1,1,0.9996622204780579,100,190.0,1
1749391882000000000,AAPL,XNAS,1,-1,1.0000965595245361,100,90.0,1
1749391882000000000,AAPL,XNAS,2,1,0.9996140003204346,100,400.0,3
1749391882000000000,AAPL,XNAS,2,-1,1.0001447200775146,100,100.0,1
1749391883000000000,AAPL,XNAS,1,1,0.9997105002403259,100,190.0,1
1749391883000000000,AAPL,XNAS,1,-1,1.0000965595245361,100,90.0,1
1749391883000000000,AAPL,XNAS,2,1,0.9996622204780579,100,100.0,1
1749391883000000000,AAPL,XNAS,2,-1,1.0001447200775146,100,100.0,1
1749391884000000000,AAPL,XNAS,1,1,0.9997105002403259,100,290.0,2
1749391884000000000,AAPL,XNAS,1,-1,1.0000965595245361,100,90.0,1
1749391884000000000,AAPL,XNAS,2,1,0.9996140003204346,100,200.0,1
1749391884000000000,AAPL,XNAS,2,-1,1.0001447200775146,100,100.0,1
1749391885000000000,AAPL,XNAS,1,1,0.9997105002403259,100,290.0,2
1749391885000000000,AAPL,XNAS,1,-1,1.0000965595245361,100,90.0,1
1749391885000000000,AAPL,XNAS,2,1,0.9996140003204346,100,200.0,1
1749391885000000000,AAPL,XNAS,2,-1,1.0003859996795654,100,100.0,1
1749391886000000000,AAPL,XNAS,1,1,0.9997105002403259,100,290.0,2
1749391886000000000,AAPL,XNAS,1,-1,1.0000965595245361,100,90.0,1
1749391886000000000,AAPL,XNAS,2,1,0.9996140003204346,100,202.0,1
1749391886000000000,AAPL,XNAS,2,-1,1.0003859996795654,100,100.0,1
1749391889000000000,AAPL,XNAS,1,1,0.9998070001602173,100,190.0,1
1749391889000000000,AAPL,XNAS,1,-1,1.0003859996795654,100,100.0,1
1749391889000000000,AAPL,XNAS,2,1,0.9997587203979492,100,100.0,1
1749391889000000000,AAPL,XNAS,2,-1,1.0006755590438843,100,26.0,1
1749391892000000000,AAPL,XNAS,1,1,0.9997587203979492,100,200.0,1
1749391892000000000,AAPL,XNAS,1,-1,1.0003859996795654,100,100.0,1
1749391892000000000,AAPL,XNAS,2,1,0.9996140003204346,100,200.0,1
1749391892000000000,AAPL,XNAS,2,-1,1.0006755590438843,100,26.0,1
1749391895000000000,AAPL,XNAS,1,1,0.9997105002403259,100,200.0,1
1749391895000000000,AAPL,XNAS,1,-1,1.0000965595245361,100,90.0,1
1749391895000000000,AAPL,XNAS,2,1,0.9996140003204346,100,200.0,1
1749391895000000000,AAPL,XNAS,2,-1,1.0001447200775146,100,100.0,1
1749391896000000000,AAPL,XNAS,1,1,0.9997105002403259,100,200.0,1
1749391896000000000,AAPL,XNAS,1,-1,1.0000965595245361,100,90.0,1
1749391896000000000,AAPL,XNAS,2,1,0.9996140003204346,100,200.0,1
1749391896000000000,AAPL,XNAS,2,-1,1.0001447200775146,100,101.0,1
1749391897000000000,AAPL,XNAS,1,1,0.9997105002403259,100,200.0,1
1749391897000000000,AAPL,XNAS,1,-1,1.0000965595245361,100,91.0,1
1749391897000000000,AAPL,XNAS,2,1,0.9996140003204346,100,200.0,1
1749391897000000000,AAPL,XNAS,2,-1,1.0001447200775146,100,100.0,1
1749391899000000000,AAPL,XNAS,1,1,0.9997105002403259,100,200.0,1
1749391899000000000,AAPL,XNAS,1,-1,1.0000965595245361,100,91.0,1
1749391899000000000,AAPL,XNAS,2,1,0.9996140003204346,100,200.0,1
1749391899000000000,AAPL,XNAS,2,-1,1.0002895593643188,100,20.0,1
1749391902000000000,AAPL,XNAS,1,1,0.9997105002403259,100,100.0,1
1749391902000000000,AAPL,XNAS,1,-1,1.0000965595245361,100,91.0,1
1749391902000000000,AAPL,XNAS,2,1,0.9996140003204346,100,200.0,1
1749391902000000000,AAPL,XNAS,2,-1,1.0002895593643188,100,20.0,1
1749391908000000000,AAPL,XNAS,1,1,0.9997105002403259,100,200.0,1
1749391908000000000,AAPL,XNAS,1,-1,1.0000965595245361,100,91.0,1
1749391908000000000,AAPL,XNAS,2,1,0.9996622204780579,100,100.0,1
1749391908000000000,AAPL,XNAS,2,-1,1.0002895593643188,100,20.0,1
1749391910000000000,AAPL,XNAS,1,1,0.9997105002403259,100,200.0,1
1749391910000000000,AAPL,XNAS,1,-1,1.0000965595245361,100,91.0,1
1749391910000000000,AAPL,XNAS,2,1,0.9996622204780579,100,100.0,1
1749391910000000000,AAPL,XNAS,2,-1,1.0002895593643188,100,20.0,1
1749391920000000000,AAPL,XNAS,1,1,0.9997105002403259,100,200.0,1
1749391920000000000,AAPL,XNAS,1,-1,1.0000965595245361,100,191.0,1
1749391920000000000,AAPL,XNAS,2,1,0.9996622204780579,100,100.0,1
1749391920000000000,AAPL,XNAS,2,-1,1.0002895593643188,100,20.0,1
1749391924000000000,AAPL,XNAS,1,1,0.9997587203979492,100,100.0,1
1749391924000000000,AAPL,XNAS,1,-1,1.0000965595245361,100,233.0,1
1749391924000000000,AAPL,XNAS,2,1,0.9997105002403259,100,200.0,1
1749391924000000000,AAPL,XNAS,2,-1,1.0002895593643188,100,20.0,1
1749391925000000000,AAPL,XNAS,1,1,0.9997105002403259,100,200.0,1
1749391925000000000,AAPL,XNAS,1,-1,1.0000965595245361,100,233.0,1
1749391925000000000,AAPL,XNAS,2,1,0.9996622204780579,100,100.0,1
1749391925000000000,AAPL,XNAS,2,-1,1.0002412796020508,100,20.0,1
1749391929000000000,AAPL,XNAS,1,1,0.9997587203979492,100,100.0,1
1749391929000000000,AAPL,XNAS,1,-1,1.0000965595245361,100,143.0,1
1749391929000000000,AAPL,XNAS,2,1,0.9997105002403259,100,200.0,1
1749391929000000000,AAPL,XNAS,2,-1,1.0002412796020508,100,20.0,1
1749391932000000000,AAPL,XNAS,1,1,0.9997105002403259,100,200.0,1
1749391932000000000,AAPL,XNAS,1,-1,1.0000965595245361,100,143.0,1
1749391932000000000,AAPL,XNAS,2,1,0.9996622204780579,100,100.0,1
1749391932000000000,AAPL,XNAS,2,-1,1.0002412796020508,100,20.0,1
1749391935000000000,AAPL,XNAS,1,1,0.9997105002403259,100,201.0,1
1749391935000000000,AAPL,XNAS,1,-1,1.0000965595245361,100,143.0,1
1749391935000000000,AAPL,XNAS,2,1,0.9996622204780579,100,100.0,1
1749391935000000000,AAPL,XNAS,2,-1,1.0002412796020508,100,20.0,1
1749391943000000000,AAPL,XNAS,1,1,0.9997105002403259,100,177.0,1
1749391943000000000,AAPL,XNAS,1,-1,0.9999517202377319,100,90.0,1
1749391943000000000,AAPL,XNAS,2,1,0.9996622204780579,100,120.0,1
1749391943000000000,AAPL,XNAS,2,-1,1.0000965595245361,100,143.0,1
1749391955000000000,AAPL,XNAS,1,1,0.9997587203979492,100,100.0,1
1749391955000000000,AAPL,XNAS,1,-1,0.9999517202377319,100,90.0,1
1749391955000000000,AAPL,XNAS,2,1,0.9997105002403259,100,96.0,1
1749391955000000000,AAPL,XNAS,2,-1,1.0000965595245361,100,143.0,1
1749391960000000000,AAPL,XNAS,1,1,0.9997587203979492,100,100.0,1
1749391960000000000,AAPL,XNAS,1,-1,0.9999517202377319,100,90.0,1
1749391960000000000,AAPL,XNAS,2,1,0.9997105002403259,100,96.0,1
1749391960000000000,AAPL,XNAS,2,-1,1.0000965595245361,100,243.0,2
1749391962000000000,AAPL,XNAS,1,1,0.9998552203178406,100,100.0,1
1749391962000000000,AAPL,XNAS,1,-1,1.0000965595245361,100,243.0,2
1749391962000000000,AAPL,XNAS,2,1,0.9998070001602173,100,20.0,1
1749391962000000000,AAPL,XNAS,2,-1,1.0001929998397827,100,20.0,1
1749391967000000000,AAPL,XNAS,1,1,0.9998552203178406,100,201.0,1
1749391967000000000,AAPL,XNAS,1,-1,1.0000965595245361,100,243.0,2
1749391967000000000,AAPL,XNAS,2,1,0.9998070001602173,100,120.0,1
1749391967000000000,AAPL,XNAS,2,-1,1.0001929998397827,100,20.0,1
1749391977000000000,AAPL,XNAS,1,1,0.9998552203178406,100,302.0,2
1749391977000000000,AAPL,XNAS,1,-1,1.0000965595245361,100,243.0,2
1749391977000000000,AAPL,XNAS,2,1,0.9998070001602173,100,120.0,1
1749391977000000000,AAPL,XNAS,2,-1,1.0001929998397827,100,20.0,1
1749391979000000000,AAPL,XNAS,1,1,0.9998552203178406,100,201.0,1
1749391979000000000,AAPL,XNAS,1,-1,1.0000965595245361,100,243.0,2
1749391979000000000,AAPL,XNAS,2,1,0.9998070001602173,100,120.0,1
1749391979000000000,AAPL,XNAS,2,-1,1.0001929998397827,100,20.0,1
1749391980000000000,AAPL,XNAS,1,1,0.9998552203178406,100,302.0,2
1749391980000000000,AAPL,XNAS,1,-1,1.0000965595245361,100,243.0,2
1749391980000000000,AAPL,XNAS,2,1,0.9998070001602173,100,120.0,1
1749391980000000000,AAPL,XNAS,2,-1,1.0001929998397827,100,20.0,1
1749391981000000000,AAPL,XNAS,1,1,0.9998552203178406,100,201.0,1
1749391981000000000,AAPL,XNAS,1,-1,1.0000965595245361,100,243.0,2
1749391981000000000,AAPL,XNAS,2,1,0.9998070001602173,100,120.0,1
1749391981000000000,AAPL,XNAS,2,-1,1.0001929998397827,100,20.0,1
1749391982000000000,AAPL,XNAS,1,1,0.9998552203178406,100,302.0,2
1749391982000000000,AAPL,XNAS,1,-1,1.0000965595245361,100,243.0,2
1749391982000000000,AAPL,XNAS,2,1,0.9998070001602173,100,120.0,1
1749391982000000000,AAPL,XNAS,2,-1,1.0001929998397827,100,20.0,1
1749391984000000000,AAPL,XNAS,1,1,0.9998552203178406,100,217.0,1
1749391984000000000,AAPL,XNAS,1,-1,1.0000965595245361,100,243.0,2
1749391984000000000,AAPL,XNAS,2,1,0.9998070001602173,100,120.0,1
1749391984000000000,AAPL,XNAS,2,-1,1.0001929998397827,100,20.0,1
1749391985000000000,AAPL,XNAS,1,1,0.9998552203178406,100,318.0,2
1749391985000000000,AAPL,XNAS,1,-1,1.0000965595245361,100,243.0,2
1749391985000000000,AAPL,XNAS,2,1,0.9998070001602173,100,120.0,1
1749391985000000000,AAPL,XNAS,2,-1,1.0001929998397827,100,20.0,1
1749391997000000000,AAPL,XNAS,1,1,0.9998552203178406,100,318.0,2
1749391997000000000,AAPL,XNAS,1,-1,1.0000965595245361,100,243.0,2
1749391997000000000,AAPL,XNAS,2,1,0.9998070001602173,100,120.0,1
1749391997000000000,AAPL,XNAS,2,-1,1.0001929998397827,100,20.0,1
1749391999000000000,AAPL,XNAS,1,1,0.9998552203178406,100,318.0,2
1749391999000000000,AAPL,XNAS,1,-1,1.0000965595245361,100,253.0,2
1749391999000000000,AAPL,XNAS,2,1,0.9998070001602173,100,120.0,1
1749391999000000000,AAPL,XNAS,2,-1,1.0001929998397827,100,20.0,1
1749392000000000000,AAPL,XNAS,1,1,0.9998552203178406,100,418.0,3
1749392000000000000,AAPL,XNAS,1,-1,1.0000965595245361,100,253.0,2
1749392000000000000,AAPL,XNAS,2,1,0.9998070001602173,100,120.0,1
1749392000000000000,AAPL,XNAS,2,-1,1.0001929998397827,100,20.0,1
1749392001000000000,AAPL,XNAS,1,1,0.9998552203178406,100,418.0,3
1749392001000000000,AAPL,XNAS,1,-1,1.0000965595245361,100,253.0,2
1749392001000000000,AAPL,XNAS,2,1,0.9998070001602173,100,120.0,1
1749392001000000000,AAPL,XNAS,2,-1,1.0001929998397827,100,20.0,1
1749392002000000000,AAPL,XNAS,1,1,0.9998552203178406,100,518.0,4
1749392002000000000,AAPL,XNAS,1,-1,1.0000965595245361,100,253.0,2
1749392002000000000,AAPL,XNAS,2,1,0.9998070001602173,100,120.0,1
1749392002000000000,AAPL,XNAS,2,-1,1.0001929998397827,100,20.0,1
1749392004000000000,AAPL,XNAS,1,1,0.9995657205581665,100,11.0,1
1749392004000000000,AAPL,XNAS,1,-1,0.9999517202377319,100,92.0,1
1749392004000000000,AAPL,XNAS,2,1,0.9995174407958984,100,100.0,1
1749392004000000000,AAPL,XNAS,2,-1,1.0001447200775146,100,26.0,1
1749392005000000000,AAPL,XNAS,1,1,0.9995657205581665,100,11.0,1
1749392005000000000,AAPL,XNAS,1,-1,0.9999517202377319,100,94.0,1
1749392005000000000,AAPL,XNAS,2,1,0.9995174407958984,100,200.0,1
1749392005000000000,AAPL,XNAS,2,-1,1.0001447200775146,100,26.0,1
1749392006000000000,AAPL,XNAS,1,1,0.9995657205581665,100,11.0,1
1749392006000000000,AAPL,XNAS,1,-1,0.9999517202377319,100,136.0,1
1749392006000000000,AAPL,XNAS,2,1,0.9995174407958984,100,200.0,1
1749392006000000000,AAPL,XNAS,2,-1,1.0001447200775146,100,26.0,1
1749392007000000000,AAPL,XNAS,1,1,0.9995657205581665,100,11.0,1
1749392007000000000,AAPL,XNAS,1,-1,0.9999517202377319,100,165.0,1
1749392007000000000,AAPL,XNAS,2,1,0.9995174407958984,100,300.0,2
1749392007000000000,AAPL,XNAS,2,-1,1.0001447200775146,100,26.0,1
1749392009000000000,AAPL,XNAS,1,1,0.9995657205581665,100,11.0,1
1749392009000000000,AAPL,XNAS,1,-1,0.9997587203979492,100,1.0,1
1749392009000000000,AAPL,XNAS,2,1,0.9995174407958984,100,200.0,1
1749392009000000000,AAPL,XNAS,2,-1,0.9999517202377319,100,73.0,1
1749392013000000000,AAPL,XNAS,1,1,0.9995174407958984,100,311.0,2
1749392013000000000,AAPL,XNAS,1,-1,0.9997587203979492,100,1.0,1
1749392013000000000,AAPL,XNAS,2,1,0.9994209408760071,100,1.0,1
1749392013000000000,AAPL,XNAS,2,-1,0.9999517202377319,100,73.0,1
1749392014000000000,AAPL,XNAS,1,1,0.9995174407958984,100,211.0,1
1749392014000000000,AAPL,XNAS,1,-1,0.9997587203979492,100,1.0,1
1749392014000000000,AAPL,XNAS,2,1,0.9994209408760071,100,1.0,1
1749392014000000000,AAPL,XNAS,2,-1,0.9999517202377319,100,73.0,1
1749392015000000000,AAPL,XNAS,1,1,0.9995174407958984,100,211.0,1
1749392015000000000,AAPL,XNAS,1,-1,0.9997587203979492,100,1.0,1
1749392015000000000,AAPL,XNAS,2,1,0.9994209408760071,100,1.0,1
1749392015000000000,AAPL,XNAS,2,-1,0.9999517202377319,100,173.0,1
1749392016000000000,AAPL,XNAS,1,1,0.9995174407958984,100,211.0,1
1749392016000000000,AAPL,XNAS,1,-1,0.9997587203979492,100,1.0,1
1749392016000000000,AAPL,XNAS,2,1,0.9994209408760071,100,1.0,1
1749392016000000000,AAPL,XNAS,2,-1,0.9999517202377319,100,173.0,1
1749392018000000000,AAPL,XNAS,1,1,0.9995657205581665,100,200.0,1
1749392018000000000,AAPL,XNAS,1,-1,0.9997587203979492,100,1.0,1
1749392018000000000,AAPL,XNAS,2,1,0.9995174407958984,100,111.0,1
1749392018000000000,AAPL,XNAS,2,-1,0.9999517202377319,100,173.0,1
1749392023000000000,AAPL,XNAS,1,1,0.9995657205581665,100,300.0,2
1749392023000000000,AAPL,XNAS,1,-1,0.9997587203979492,100,1.0,1
1749392023000000000,AAPL,XNAS,2,1,0.9995174407958984,100,111.0,1
1749392023000000000,AAPL,XNAS,2,-1,0.9999517202377319,100,173.0,1
1749392024000000000,AAPL,XNAS,1,1,0.9996140003204346,100,190.0,1
1749392024000000000,AAPL,XNAS,1,-1,0.9999517202377319,100,173.0,1
1749392024000000000,AAPL,XNAS,2,1,0.9995657205581665,100,427.0,3
1749392024000000000,AAPL,XNAS,2,-1,1.0,100,100.0,1
1749392025000000000,AAPL,XNAS,1,1,0.9996140003204346,100,90.0,1
1749392025000000000,AAPL,XNAS,1,-1,0.9999517202377319,100,173.0,1
1749392025000000000,AAPL,XNAS,2,1,0.9995657205581665,100,427.0,3
1749392025000000000,AAPL,XNAS,2,-1,1.0,100,100.0,1
1749392026000000000,AAPL,XNAS,1,1,0.9996140003204346,100,90.0,1
1749392026000000000,AAPL,XNAS,1,-1,0.9999517202377319,100,173.0,1
1749392026000000000,AAPL,XNAS,2,1,0.9995657205581665,100,427.0,3
1749392026000000000,AAPL,XNAS,2,-1,1.0001447200775146,100,26.0,1
1749392027000000000,AAPL,XNAS,1,1,0.9995657205581665,100,417.0,3
1749392027000000000,AAPL,XNAS,1,-1,0.9999035000801086,100,90.0,1
1749392027000000000,AAPL,XNAS,2,1,0.9995174407958984,100,111.0,1
1749392027000000000,AAPL,XNAS,2,-1,0.9999517202377319,100,173.0,1
1749392028000000000,AAPL,XNAS,1,1,0.9995657205581665,100,417.0,3
1749392028000000000,AAPL,XNAS,1,-1,0.9997587203979492,100,1.0,1
1749392028000000000,AAPL,XNAS,2,1,0.9995174407958984,100,111.0,1
1749392028000000000,AAPL,XNAS,2,-1,0.9999517202377319,100,172.0,1
1749392039000000000,AAPL,XNAS,1,1,0.9998552203178406,100,90.0,1
1749392039000000000,AAPL,XNAS,1,-1,1.000048279762268,100,9.0,1
1749392039000000000,AAPL,XNAS,2,1,0.9998070001602173,100,27.0,1
1749392039000000000,AAPL,XNAS,2,-1,1.0003859996795654,100,100.0,1
1749392040000000000,AAPL,XNAS,1,1,0.9998552203178406,100,45.0,1
1749392040000000000,AAPL,XNAS,1,-1,1.000048279762268,100,9.0,1
1749392040000000000,AAPL,XNAS,2,1,0.9996622204780579,100,2.0,1
1749392040000000000,AAPL,XNAS,2,-1,1.0003859996795654,100,100.0,1
1749392041000000000,AAPL,XNAS,1,1,0.9998552203178406,100,45.0,1
1749392041000000000,AAPL,XNAS,1,-1,1.000048279762268,100,9.0,1
1749392041000000000,AAPL,XNAS,2,1,0.9996622204780579,100,2.0,1
1749392041000000000,AAPL,XNAS,2,-1,1.0003859996795654,100,100.0,1
1749392042000000000,AAPL,XNAS,1,1,0.9997587203979492,100,200.0,1
1749392042000000000,AAPL,XNAS,1,-1,1.000048279762268,100,9.0,1
1749392042000000000,AAPL,XNAS,2,1,0.9996622204780579,100,200.0,1
1749392042000000000,AAPL,XNAS,2,-1,1.0003377199172974,100,2.0,1
1749392043000000000,AAPL,XNAS,1,1,0.9996622204780579,100,200.0,1
1749392043000000000,AAPL,XNAS,1,-1,1.000048279762268,100,9.0,1
1749392043000000000,AAPL,XNAS,2,1,0.9996140003204346,100,10.0,1
1749392043000000000,AAPL,XNAS,2,-1,1.0003377199172974,100,2.0,1
1749392045000000000,AAPL,XNAS,1,1,0.9997587203979492,100,200.0,1
1749392045000000000,AAPL,XNAS,1,-1,1.000048279762268,100,109.0,1
1749392045000000000,AAPL,XNAS,2,1,0.9997105002403259,100,90.0,1
1749392045000000000,AAPL,XNAS,2,-1,1.0003377199172974,100,2.0,1
1749392046000000000,AAPL,XNAS,1,1,0.9997587203979492,100,200.0,1
1749392046000000000,AAPL,XNAS,1,-1,1.000048279762268,100,109.0,1
1749392046000000000,AAPL,XNAS,2,1,0.9997105002403259,100,100.0,1
1749392046000000000,AAPL,XNAS,2,-1,1.0003377199172974,100,2.0,1
1749392047000000000,AAPL,XNAS,1,1,0.9997587203979492,100,300.0,2
1749392047000000000,AAPL,XNAS,1,-1,1.000048279762268,100,109.0,1
1749392047000000000,AAPL,XNAS,2,1,0.9997105002403259,100,100.0,1
1749392047000000000,AAPL,XNAS,2,-1,1.0003377199172974,100,2.0,1
1749392048000000000,AAPL,XNAS,1,1,0.9997587203979492,100,301.0,2
1749392048000000000,AAPL,XNAS,1,-1,1.000048279762268,100,109.0,1
1749392048000000000,AAPL,XNAS,2,1,0.9997105002403259,100,100.0,1
1749392048000000000,AAPL,XNAS,2,-1,1.0003377199172974,100,2.0,1
1749392051000000000,AAPL,XNAS,1,1,0.9998070001602173,100,190.0,1
1749392051000000000,AAPL,XNAS,1,-1,1.000048279762268,100,109.0,1
1749392051000000000,AAPL,XNAS,2,1,0.9997587203979492,100,200.0,1
1749392051000000000,AAPL,XNAS,2,-1,1.0002412796020508,100,100.0,1
1749392054000000000,AAPL,XNAS,1,1,0.9998552203178406,100,90.0,1
1749392054000000000,AAPL,XNAS,1,-1,1.000048279762268,100,109.0,1
1749392054000000000,AAPL,XNAS,2,1,0.9998070001602173,100,100.0,1
1749392054000000000,AAPL,XNAS,2,-1,1.0002412796020508,100,100.0,1
1749392057000000000,AAPL,XNAS,1,1,0.9998552203178406,100,1.0,1
1749392057000000000,AAPL,XNAS,1,-1,1.000048279762268,100,109.0,1
1749392057000000000,AAPL,XNAS,2,1,0.9998070001602173,100,100.0,1
1749392057000000000,AAPL,XNAS,2,-1,1.0002412796020508,100,100.0,1
1749392058000000000,AAPL,XNAS,1,1,0.9998552203178406,100,1.0,1
1749392058000000000,AAPL,XNAS,1,-1,1.000048279762268,100,119.0,1
1749392058000000000,AAPL,XNAS,2,1,0.9998070001602173,100,100.0,1
1749392058000000000,AAPL,XNAS,2,-1,1.0002412796020508,100,100.0,1
1749392060000000000,AAPL,XNAS,1,1,0.9998552203178406,100,1.0,1
1749392060000000000,AAPL,XNAS,1,-1,1.000048279762268,100,119.0,1
1749392060000000000,AAPL,XNAS,2,1,0.9998070001602173,100,200.0,1
1749392060000000000,AAPL,XNAS,2,-1,1.0002412796020508,100,100.0,1
1749392063000000000,AAPL,XNAS,1,1,0.9998552203178406,100,1.0,1
1749392063000000000,AAPL,XNAS,1,-1,1.000048279762268,100,119.0,1
1749392063000000000,AAPL,XNAS,2,1,0.9998070001602173,100,220.0,1
1749392063000000000,AAPL,XNAS,2,-1,1.0002412796020508,100,100.0,1
1749392078000000000,AAPL,XNAS,1,1,0.9995657205581665,100,90.0,1
1749392078000000000,AAPL,XNAS,1,-1,0.9998552203178406,100,100.0,1
1749392078000000000,AAPL,XNAS,2,1,0.9995174407958984,100,211.0,1
1749392078000000000,AAPL,XNAS,2,-1,0.9999035000801086,100,100.0,1
1749392080000000000,AAPL,XNAS,1,1,0.9995657205581665,100,90.0,1
1749392080000000000,AAPL,XNAS,1,-1,0.9998552203178406,100,200.0,1
1749392080000000000,AAPL,XNAS,2,1,0.9995174407958984,100,211.0,1
1749392080000000000,AAPL,XNAS,2,-1,0.9999035000801086,100,100.0,1
1749392084000000000,AAPL,XNAS,1,1,0.9995657205581665,100,97.0,1
1749392084000000000,AAPL,XNAS,1,-1,0.9998552203178406,100,200.0,1
1749392084000000000,AAPL,XNAS,2,1,0.9995174407958984,100,211.0,1
1749392084000000000,AAPL,XNAS,2,-1,0.9999035000801086,100,100.0,1
1749392100000000000,AAPL,XNAS,1,1,0.9995657205581665,100,97.0,1
1749392100000000000,AAPL,XNAS,1,-1,0.9998552203178406,100,200.0,1
1749392100000000000,AAPL,XNAS,2,1,0.9995174407958984,100,220.0,1
1749392100000000000,AAPL,XNAS,2,-1,0.9999035000801086,100,100.0,1
1749392103000000000,AAPL,XNAS,1,1,0.9996140003204346,100,5.0,1
1749392103000000000,AAPL,XNAS,1,-1,0.9998552203178406,100,200.0,1
1749392103000000000,AAPL,XNAS,2,1,0.9995657205581665,100,106.0,1
1749392103000000000,AAPL,XNAS,2,-1,1.000048279762268,100,9.0,1
1749392104000000000,AAPL,XNAS,1,1,0.9996140003204346,100,5.0,1
1749392104000000000,AAPL,XNAS,1,-1,0.9998552203178406,100,200.0,1
1749392104000000000,AAPL,XNAS,2,1,0.9995657205581665,100,134.0,1
1749392104000000000,AAPL,XNAS,2,-1,1.000048279762268,100,9.0,1
1749392107000000000,AAPL,XNAS,1,1,0.9996140003204346,100,5.0,1
1749392107000000000,AAPL,XNAS,1,-1,0.9998552203178406,100,200.0,1
1749392107000000000,AAPL,XNAS,2,1,0.9995657205581665,100,234.0,1
1749392107000000000,AAPL,XNAS,2,-1,1.000048279762268,100,9.0,1
1749392111000000000,AAPL,XNAS,1,1,0.9996140003204346,100,5.0,1
1749392111000000000,AAPL,XNAS,1,-1,0.9998552203178406,100,110.0,1
1749392111000000000,AAPL,XNAS,2,1,0.9995657205581665,100,234.0,1
1749392111000000000,AAPL,XNAS,2,-1,1.000048279762268,100,9.0,1
1749392113000000000,AAPL,XNAS,1,1,0.9996140003204346,100,5.0,1
1749392113000000000,AAPL,XNAS,1,-1,0.9998552203178406,100,110.0,1
1749392113000000000,AAPL,XNAS,2,1,0.9995657205581665,100,234.0,1
1749392113000000000,AAPL,XNAS,2,-1,0.9999035000801086,100,20.0,1
1749392123000000000,AAPL,XNAS,1,1,0.9995174407958984,100,100.0,1
1749392123000000000,AAPL,XNAS,1,-1,0.9996622204780579,100,10.0,1
1749392123000000000,AAPL,XNAS,2,1,0.9994209408760071,100,1.0,1
1749392123000000000,AAPL,XNAS,2,-1,0.9997587203979492,100,20.0,1
1749392124000000000,AAPL,XNAS,1,1,0.9995174407958984,100,100.0,1
1749392124000000000,AAPL,XNAS,1,-1,0.9996622204780579,100,10.0,1
1749392124000000000,AAPL,XNAS,2,1,0.9994209408760071,100,1.0,1
1749392124000000000,AAPL,XNAS,2,-1,0.9997587203979492,100,20.0,1
1749392125000000000,AAPL,XNAS,1,1,0.9994209408760071,100,1.0,1
1749392125000000000,AAPL,XNAS,1,-1,0.9996140003204346,100,90.0,1
1749392125000000000,AAPL,XNAS,2,1,0.9993244409561157,100,100.0,1
1749392125000000000,AAPL,XNAS,2,-1,0.9996622204780579,100,10.0,1
1749392126000000000,AAPL,XNAS,1,1,0.9994209408760071,100,1.0,1
1749392126000000000,AAPL,XNAS,1,-1,0.9996140003204346,100,90.0,1
1749392126000000000,AAPL,XNAS,2,1,0.9993244409561157,100,100.0,1
1749392126000000000,AAPL,XNAS,2,-1,0.9996622204780579,100,39.0,1
1749392129000000000,AAPL,XNAS,1,1,0.9993244409561157,100,98.0,1
1749392129000000000,AAPL,XNAS,1,-1,0.9994692206382751,100,90.0,1
1749392129000000000,AAPL,XNAS,2,1,0.9992762207984924,100,75.0,1
1749392129000000000,AAPL,XNAS,2,-1,0.9996622204780579,100,39.0,1
1749392130000000000,AAPL,XNAS,1,1,0.9989384412765503,100,1.0,1
1749392130000000000,AAPL,XNAS,1,-1,0.9993244409561157,100,40.0,1
1749392130000000000,AAPL,XNAS,2,1,0.9988901615142822,100,1.0,1
1749392130000000000,AAPL,XNAS,2,-1,0.9994692206382751,100,9.0,1
1749392131000000000,AAPL,XNAS,1,1,0.9987936615943909,100,1.0,1
1749392131000000000,AAPL,XNAS,1,-1,0.999131441116333,100,90.0,1
1749392131000000000,AAPL,XNAS,2,1,0.9987454414367676,100,1.0,1
1749392131000000000,AAPL,XNAS,2,-1,0.9993244409561157,100,40.0,1
1749392133000000000,AAPL,XNAS,1,1,0.9986971616744995,100,1.0,1
1749392133000000000,AAPL,XNAS,1,-1,0.9992762207984924,100,19.0,1
1749392133000000000,AAPL,XNAS,2,1,0.9985041618347168,100,1.0,1
1749392133000000000,AAPL,XNAS,2,-1,0.9993244409561157,100,30.0,1
1749392134000000000,AAPL,XNAS,1,1,0.9985041618347168,100,1.0,1
1749392134000000000,AAPL,XNAS,1,-1,0.9989384412765503,100,90.0,1
1749392134000000000,AAPL,XNAS,2,1,0.9984558820724487,100,1.0,1
1749392134000000000,AAPL,XNAS,2,-1,0.9990349411964417,100,36.0,1
1749392135000000000,AAPL,XNAS,1,1,0.998262882232666,100,1.0,1
1749392135000000000,AAPL,XNAS,1,-1,0.9986971616744995,100,90.0,1
1749392135000000000,AAPL,XNAS,2,1,0.998214602470398,100,1.0,1
1749392135000000000,AAPL,XNAS,2,-1,0.9990349411964417,100,36.0,1
1749392136000000000,AAPL,XNAS,1,1,0.998262882232666,100,1.0,1
1749392136000000000,AAPL,XNAS,1,-1,0.9986971616744995,100,90.0,1
1749392136000000000,AAPL,XNAS,2,1,0.998214602470398,100,1.0,1
1749392136000000000,AAPL,XNAS,2,-1,0.9990349411964417,100,65.0,1
1749392137000000000,AAPL,XNAS,1,1,0.998214602470398,100,1.0,1
1749392137000000000,AAPL,XNAS,1,-1,0.9984558820724487,100,90.0,1
1749392137000000000,AAPL,XNAS,2,1,0.9981181025505066,100,1.0,1
1749392137000000000,AAPL,XNAS,2,-1,0.9990349411964417,100,66.0,1
1749392138000000000,AAPL,XNAS,1,1,0.998262882232666,100,90.0,1
1749392138000000000,AAPL,XNAS,1,-1,0.9987936615943909,100,90.0,1
1749392138000000000,AAPL,XNAS,2,1,0.998214602470398,100,3.0,1
1749392138000000000,AAPL,XNAS,2,-1,0.9989384412765503,100,11.0,1
1749392140000000000,AAPL,XNAS,1,1,0.998262882232666,100,90.0,1
1749392140000000000,AAPL,XNAS,1,-1,0.9987936615943909,100,90.0,1
1749392140000000000,AAPL,XNAS,2,1,0.998214602470398,100,3.0,1
1749392140000000000,AAPL,XNAS,2,-1,0.9989384412765503,100,12.0,1
1749392144000000000,AAPL,XNAS,1,1,0.998262882232666,100,90.0,1
1749392144000000000,AAPL,XNAS,1,-1,0.9987936615943909,100,90.0,1
1749392144000000000,AAPL,XNAS,2,1,0.998214602470398,100,3.0,1
1749392144000000000,AAPL,XNAS,2,-1,0.9989384412765503,100,1.0,1
1749392147000000000,AAPL,XNAS,1,1,0.998214602470398,100,3.0,1
1749392147000000000,AAPL,XNAS,1,-1,0.9987936615943909,100,90.0,1
1749392147000000000,AAPL,XNAS,2,1,0.9981181025505066,100,1.0,1
1749392147000000000,AAPL,XNAS,2,-1,0.9989384412765503,100,32.0,1
1749392149000000000,AAPL,XNAS,1,1,0.998214602470398,100,3.0,1
1749392149000000000,AAPL,XNAS,1,-1,0.9987936615943909,100,90.0,1
1749392149000000000,AAPL,XNAS,2,1,0.9981181025505066,100,1.0,1
1749392149000000000,AAPL,XNAS,2,-1,0.9989384412765503,100,32.0,1
1749392150000000000,AAPL,XNAS,1,1,0.998214602470398,100,3.0,1
1749392150000000000,AAPL,XNAS,1,-1,0.9987936615943909,100,90.0,1
1749392150000000000,AAPL,XNAS,2,1,0.9981181025505066,100,101.0,1
1749392150000000000,AAPL,XNAS,2,-1,0.9989384412765503,100,132.0,1
1749392153000000000,AAPL,XNAS,1,1,0.998262882232666,100,99.0,1
1749392153000000000,AAPL,XNAS,1,-1,0.9987936615943909,100,90.0,1
1749392153000000000,AAPL,XNAS,2,1,0.998214602470398,100,3.0,1
1749392153000000000,AAPL,XNAS,2,-1,0.9989384412765503,100,132.0,1
1749392154000000000,AAPL,XNAS,1,1,0.998262882232666,100,199.0,1
1749392154000000000,AAPL,XNAS,1,-1,0.9987936615943909,100,90.0,1
1749392154000000000,AAPL,XNAS,2,1,0.998214602470398,100,3.0,1
1749392154000000000,AAPL,XNAS,2,-1,0.9989384412765503,100,132.0,1
1749392159000000000,AAPL,XNAS,1,1,0.9981663823127747,100,26.0,1
1749392159000000000,AAPL,XNAS,1,-1,0.9985041618347168,100,90.0,1
1749392159000000000,AAPL,XNAS,2,1,0.9981181025505066,100,1.0,1
1749392159000000000,AAPL,XNAS,2,-1,0.9986488819122314,100,25.0,1
