ts_ns,symbol,venue,price,price_ticks,size,aggressor_side
1749045613000000000,AAPL,XNAS,0.9959161877632141,100,204.0,BUY
1749045635000000000,AAPL,XNAS,0.9942626953125,99,240.0,BUY
1749045650000000000,AAPL,XNAS,0.9938491582870483,99,1.0,SELL
1749045656000000000,AAPL,XNAS,0.9952312707901001,100,1898.0,BUY
1749045657000000000,AAPL,XNAS,0.9943660497665405,99,3.0,SELL
1749045665000000000,AAPL,XNAS,0.9943951368331909,99,160.0,SELL
1749045687000000000,AAPL,XNAS,0.9943660497665405,99,47.0,BUY
1749045713000000000,AAPL,XNAS,0.9949862957000732,99,1.0,BUY
1749045714000000000,AAPL,XNAS,0.9949862957000732,99,1.0,BUY
1749045720000000000,AAPL,XNAS,0.9939654469490051,99,401.0,SELL
1749045722000000000,AAPL,XNAS,0.9952964186668396,100,8.0,BUY
1749045762000000000,AAPL,XNAS,0.9932360649108887,99,527.0,BUY
1749045786000000000,AAPL,XNAS,0.9934356808662415,99,12.0,SELL
1749045820000000000,AAPL,XNAS,0.9921186566352844,99,573.0,BUY
1749045821000000000,AAPL,XNAS,0.9914746880531311,99,116.0,SELL
1749045824000000000,AAPL,XNAS,0.9915749430656433,99,185.0,SELL
1749045836000000000,AAPL,XNAS,0.9911614060401917,99,102.0,SELL
1749045844000000000,AAPL,XNAS,0.9911614060401917,99,9.0,SELL
1749045874000000000,AAPL,XNAS,0.990799605846405,99,1.0,SELL
1749045891000000000,AAPL,XNAS,0.9905411601066589,99,2.0,SELL
1749045893000000000,AAPL,XNAS,0.9926009774208069,99,148.0,SELL
1749045895000000000,AAPL,XNAS,0.9937974810600281,99,2.0,BUY
1749045911000000000,AAPL,XNAS,0.9942110180854797,99,1.0,BUY
1749045920000000000,AAPL,XNAS,0.9947795271873474,99,163.0,SELL
1749045954000000000,AAPL,XNAS,0.9957616329193115,100,2.0,SELL
1749045958000000000,AAPL,XNAS,0.9946278929710388,99,559.0,BUY
1749045971000000000,AAPL,XNAS,0.9939525723457336,99,3.0,SELL
1749045973000000000,AAPL,XNAS,0.9935907125473022,99,200.0,SELL
1749045978000000000,AAPL,XNAS,0.9946761727333069,99,4.0,UNKNOWN
1749045994000000000,AAPL,XNAS,0.9952964186668396,100,4.0,SELL
1749046004000000000,AAPL,XNAS,0.9946761727333069,99,2.0,SELL
1749046005000000000,AAPL,XNAS,0.9943203330039978,99,104.0,BUY
1749046006000000000,AAPL,XNAS,0.9942110180854797,99,2.0,SELL
1749046015000000000,AAPL,XNAS,0.9935907125473022,99,168.0,SELL
1749046046000000000,AAPL,XNAS,0.9961234331130981,100,1.0,BUY
1749046057000000000,AAPL,XNAS,0.9956582188606262,100,6.0,BUY
1749046061000000000,AAPL,XNAS,0.9959683418273926,100,1.0,BUY
1749046062000000000,AAPL,XNAS,0.9959683418273926,100,3.0,BUY
1749046063000000000,AAPL,XNAS,0.9960717558860779,100,3.0,BUY
1749046066000000000,AAPL,XNAS,0.9960717558860779,100,3.0,BUY
1749046074000000000,AAPL,XNAS,0.9958003759384155,100,4.0,BUY
1749046082000000000,AAPL,XNAS,0.9947278499603271,99,100.0,BUY
1749046089000000000,AAPL,XNAS,0.9951413869857788,100,102.0,BUY
1749046095000000000,AAPL,XNAS,0.9941980838775635,99,4.0,SELL
1749046096000000000,AAPL,XNAS,0.9940559267997742,99,4.0,SELL
1749046097000000000,AAPL,XNAS,0.9938405752182007,99,24.0,SELL
1749046100000000000,AAPL,XNAS,0.9937974810600281,99,200.0,SELL
1749046101000000000,AAPL,XNAS,0.9935907125473022,99,14.0,SELL
1749046104000000000,AAPL,XNAS,0.9935907125473022,99,86.0,SELL
1749046105000000000,AAPL,XNAS,0.9936941266059875,99,3.0,SELL
1749046106000000000,AAPL,XNAS,0.9936941266059875,99,3.0,SELL
1749046112000000000,AAPL,XNAS,0.9931443333625793,99,270.0,SELL
1749046181000000000,AAPL,XNAS,0.9928471446037292,99,251.0,SELL
1749046182000000000,AAPL,XNAS,0.992867112159729,99,3.0,BUY
1749046186000000000,AAPL,XNAS,0.9915749430656433,99,2.0,SELL
1749046189000000000,AAPL,XNAS,0.9916782975196838,99,3.0,SELL
1749046193000000000,AAPL,XNAS,0.9923502206802368,99,1.0,SELL
1749046194000000000,AAPL,XNAS,0.9920917749404907,99,200.0,SELL
1749046195000000000,AAPL,XNAS,0.991264820098877,99,93.0,SELL
1749046197000000000,AAPL,XNAS,0.9913164973258972,99,100.0,SELL
1749046199000000000,AAPL,XNAS,0.9924915432929993,99,45.0,BUY
1749046259000000000,AAPL,XNAS,0.9995388388633728,100,4.0,SELL
1749046262000000000,AAPL,XNAS,0.9993777275085449,100,304.0,BUY
1749046281000000000,AAPL,XNAS,0.9993172287940979,100,40.0,BUY
1749046282000000000,AAPL,XNAS,0.9994363784790039,100,100.0,BUY
1749046319000000000,AAPL,XNAS,0.9994363784790039,100,201.0,BUY
1749046328000000000,AAPL,XNAS,0.9995388388633728,100,23.0,BUY
1749046331000000000,AAPL,XNAS,0.9994363784790039,100,3.0,BUY
1749046355000000000,AAPL,XNAS,0.9996081590652466,100,17.0,BUY
1749046356000000000,AAPL,XNAS,0.9996412992477417,100,3.0,BUY
1749046378000000000,AAPL,XNAS,0.9995388388633728,100,1.0,SELL
1749046386000000000,AAPL,XNAS,0.9993338584899902,100,101.0,BUY
1749046460000000000,AAPL,XNAS,0.9997082948684692,100,75.0,BUY
1749046464000000000,AAPL,XNAS,0.9991238117218018,100,530.0,SELL
1749046473000000000,AAPL,XNAS,0.9996925592422485,100,38.0,SELL
1749046522000000000,AAPL,XNAS,0.9990776777267456,100,10.0,SELL
1749046567000000000,AAPL,XNAS,0.9997438192367554,100,46.0,BUY
1749046569000000000,AAPL,XNAS,0.9998462796211243,100,16.0,BUY
1749046576000000000,AAPL,XNAS,1.0001025199890137,100,12.0,BUY
1749046586000000000,AAPL,XNAS,1.0004899501800537,100,144.0,BUY
1749046587000000000,AAPL,XNAS,1.000153660774231,100,100.0,SELL
1749046601000000000,AAPL,XNAS,1.0005123615264893,100,21.0,BUY
1749046658000000000,AAPL,XNAS,1.0008198022842407,100,365.0,BUY
1749046663000000000,AAPL,XNAS,1.001024842262268,100,38.0,BUY
1749046669000000000,AAPL,XNAS,1.0011272430419922,100,1.0,SELL
1749046686000000000,AAPL,XNAS,1.0015850067138672,100,30.0,SELL
1749046700000000000,AAPL,XNAS,1.0019927024841309,100,9.0,SELL
1749046718000000000,AAPL,XNAS,1.0017417669296265,100,502.0,BUY
1749046741000000000,AAPL,XNAS,1.0015884637832642,100,80.0,SELL
1749046767000000000,AAPL,XNAS,1.001240611076355,100,381.0,SELL
1749046808000000000,AAPL,XNAS,1.008806824684143,101,9.0,BUY
1749046822000000000,AAPL,XNAS,1.008001446723938,101,269.0,SELL
1749046832000000000,AAPL,XNAS,1.008806824684143,101,39.0,SELL
1749046850000000000,AAPL,XNAS,1.0092947483062744,101,10.0,BUY
1749046868000000000,AAPL,XNAS,1.0097826719284058,101,4.0,SELL
1749046882000000000,AAPL,XNAS,1.009831428527832,101,10.0,BUY
1749046900000000000,AAPL,XNAS,1.009172797203064,101,120.0,BUY
1749046903000000000,AAPL,XNAS,1.0086604356765747,101,155.0,SELL
1749046908000000000,AAPL,XNAS,1.0089043378829956,101,1.0,BUY
1749046939000000000,AAPL,XNAS,1.0079773664474487,101,49.0,SELL
1749046950000000000,AAPL,XNAS,1.0076358318328857,101,61.0,SELL
1749046980000000000,AAPL,XNAS,1.007782220840454,101,38.0,SELL
1749046984000000000,AAPL,XNAS,1.0074894428253174,101,100.0,SELL
1749046986000000000,AAPL,XNAS,1.0072470903396606,101,122.0,BUY
1749047026000000000,AAPL,XNAS,1.0075976848602295,101,183.0,SELL
1749047051000000000,AAPL,XNAS,1.008026123046875,101,65.0,BUY
1749047053000000000,AAPL,XNAS,1.0074894428253174,101,1.0,SELL
1749047054000000000,AAPL,XNAS,1.007343053817749,101,120.0,SELL
1749047063000000000,AAPL,XNAS,1.0072455406188965,101,1.0,SELL
1749047075000000000,AAPL,XNAS,1.0081249475479126,101,77.0,SELL
1749047088000000000,AAPL,XNAS,1.0080749988555908,101,1.0,SELL
1749047091000000000,AAPL,XNAS,1.0076358318328857,101,39.0,SELL
1749047099000000000,AAPL,XNAS,1.0076358318328857,101,170.0,SELL
1749047100000000000,AAPL,XNAS,1.0073918104171753,101,100.0,SELL
1749047133000000000,AAPL,XNAS,1.0073918104171753,101,20.0,BUY
1749047139000000000,AAPL,XNAS,1.0061233043670654,101,30.0,SELL
1749047145000000000,AAPL,XNAS,1.0056109428405762,101,200.0,SELL
1749047172000000000,AAPL,XNAS,1.005668044090271,101,437.0,BUY
1749047227000000000,AAPL,XNAS,1.0044643878936768,100,3.0,SELL
1749047246000000000,AAPL,XNAS,1.0052450895309448,101,97.0,SELL
1749047355000000000,AAPL,XNAS,1.0063282251358032,101,497.0,SELL
1749047440000000000,AAPL,XNAS,0.9978620409965515,100,27.0,SELL
1749047445000000000,AAPL,XNAS,0.9978218674659729,100,113.0,BUY
1749047460000000000,AAPL,XNAS,0.9983208775520325,100,25.0,BUY
1749047478000000000,AAPL,XNAS,0.9985915422439575,100,101.0,BUY
1749047482000000000,AAPL,XNAS,0.9986963272094727,100,33.0,BUY
1749047483000000000,AAPL,XNAS,0.9987133145332336,100,80.0,BUY
1749047505000000000,AAPL,XNAS,0.9982792139053345,100,1.0,BUY
1749047518000000000,AAPL,XNAS,0.9975461363792419,100,103.0,SELL
1749047528000000000,AAPL,XNAS,0.9979662895202637,100,103.0,SELL
1749047543000000000,AAPL,XNAS,0.9983313083648682,100,4.0,BUY
1749047546000000000,AAPL,XNAS,0.9986051917076111,100,330.0,BUY
1749047564000000000,AAPL,XNAS,0.997870147228241,100,308.0,BUY
1749047581000000000,AAPL,XNAS,0.9973405599594116,100,17.0,SELL
1749047586000000000,AAPL,XNAS,0.9972884058952332,100,4.0,SELL
1749047587000000000,AAPL,XNAS,0.9972362518310547,100,40.0,BUY
1749047599000000000,AAPL,XNAS,0.9977567195892334,100,204.0,SELL
1749047625000000000,AAPL,XNAS,0.9975491762161255,100,1.0,BUY
1749047629000000000,AAPL,XNAS,0.9981430768966675,100,82.0,BUY
1749047648000000000,AAPL,XNAS,0.9985190629959106,100,5.0,BUY
1749047659000000000,AAPL,XNAS,0.9987484812736511,100,5.0,BUY
1749047660000000000,AAPL,XNAS,0.9989625215530396,100,240.0,BUY
1749047671000000000,AAPL,XNAS,0.9993429780006409,100,5.0,BUY
1749047685000000000,AAPL,XNAS,0.9989049434661865,100,2.0,BUY
1749047706000000000,AAPL,XNAS,0.9993221163749695,100,1.0,BUY
1749047711000000000,AAPL,XNAS,0.998644232749939,100,100.0,SELL
1749047728000000000,AAPL,XNAS,0.9981487989425659,100,200.0,BUY
1749047731000000000,AAPL,XNAS,0.9977055788040161,100,204.0,SELL
1749047772000000000,AAPL,XNAS,0.9976534247398376,100,5.0,SELL
1749047794000000000,AAPL,XNAS,0.9972884058952332,100,300.0,SELL
1749047814000000000,AAPL,XNAS,0.9973927140235901,100,4.0,BUY
1749047815000000000,AAPL,XNAS,0.9978083372116089,100,338.0,BUY
1749047823000000000,AAPL,XNAS,0.9979662895202637,100,10.0,BUY
1749047834000000000,AAPL,XNAS,0.9978656768798828,100,71.0,BUY
1749047850000000000,AAPL,XNAS,0.9983834624290466,100,103.0,BUY
1749047854000000000,AAPL,XNAS,0.9980184435844421,100,100.0,SELL
1749047862000000000,AAPL,XNAS,0.9979662895202637,100,100.0,SELL
1749047870000000000,AAPL,XNAS,0.9972884058952332,100,27.0,SELL
1749047875000000000,AAPL,XNAS,0.9977577328681946,100,2.0,SELL
1749047876000000000,AAPL,XNAS,0.9972884058952332,100,14.0,SELL
1749047881000000000,AAPL,XNAS,0.9968270659446716,100,118.0,SELL
1749047882000000000,AAPL,XNAS,0.9977230429649353,100,191.0,BUY
1749047883000000000,AAPL,XNAS,0.9979186058044434,100,59.0,BUY
1749047885000000000,AAPL,XNAS,0.9980705976486206,100,100.0,BUY
1749047893000000000,AAPL,XNAS,0.99791419506073,100,100.0,BUY
1749047894000000000,AAPL,XNAS,0.9974623322486877,100,301.0,BUY
1749047900000000000,AAPL,XNAS,0.99791419506073,100,90.0,BUY
1749047901000000000,AAPL,XNAS,0.9970595240592957,100,275.0,BUY
1749047902000000000,AAPL,XNAS,0.9975491762161255,100,12.0,BUY
1749047904000000000,AAPL,XNAS,0.9973530173301697,100,514.0,BUY
1749047921000000000,AAPL,XNAS,0.9971840977668762,100,103.0,BUY
1749047934000000000,AAPL,XNAS,0.9973927140235901,100,186.0,BUY
1749047935000000000,AAPL,XNAS,0.9976279139518738,100,196.0,BUY
1749047945000000000,AAPL,XNAS,0.997809886932373,100,80.0,BUY
1749047967000000000,AAPL,XNAS,0.997279703617096,100,120.0,BUY
1749047972000000000,AAPL,XNAS,0.9969755411148071,100,10.0,SELL
1749047977000000000,AAPL,XNAS,0.996766984462738,100,100.0,SELL
1749047979000000000,AAPL,XNAS,0.9967148303985596,100,100.0,SELL
1749047982000000000,AAPL,XNAS,0.9963281750679016,100,253.0,BUY
1749047986000000000,AAPL,XNAS,0.9957761764526367,100,35.0,SELL
1749047987000000000,AAPL,XNAS,0.9955154657363892,100,53.0,SELL
1749048082000000000,AAPL,XNAS,0.9992343187332153,100,98.0,BUY
1749048088000000000,AAPL,XNAS,0.9992918968200684,100,143.0,BUY
1749048090000000000,AAPL,XNAS,0.9990907907485962,100,100.0,UNKNOWN
1749048118000000000,AAPL,XNAS,0.9988515377044678,100,100.0,BUY
1749048120000000000,AAPL,XNAS,0.9989472031593323,100,81.0,BUY
1749048121000000000,AAPL,XNAS,0.9989472031593323,100,19.0,SELL
1749048130000000000,AAPL,XNAS,0.99928218126297,100,51.0,BUY
1749048156000000000,AAPL,XNAS,0.9994713068008423,100,105.0,BUY
1749048160000000000,AAPL,XNAS,0.9997607469558716,100,5.0,BUY
1749048185000000000,AAPL,XNAS,0.9996650218963623,100,28.0,BUY
1749048200000000000,AAPL,XNAS,0.9999042749404907,100,110.0,BUY
1749048202000000000,AAPL,XNAS,1.0000957250595093,100,5.0,BUY
1749048226000000000,AAPL,XNAS,0.9999521374702454,100,100.0,BUY
1749048231000000000,AAPL,XNAS,1.000295639038086,100,56.0,SELL
1749048269000000000,AAPL,XNAS,1.0005264282226562,100,15.0,SELL
1749048299000000000,AAPL,XNAS,1.0006221532821655,100,100.0,BUY
1749048330000000000,AAPL,XNAS,1.001004934310913,100,20.0,BUY
1749048341000000000,AAPL,XNAS,1.0006217956542969,100,301.0,SELL
1749048344000000000,AAPL,XNAS,1.0007762908935547,100,27.0,SELL
1749048361000000000,AAPL,XNAS,1.001068353652954,100,311.0,SELL
1749048362000000000,AAPL,XNAS,1.00137197971344,100,70.0,SELL
1749048396000000000,AAPL,XNAS,1.0015791654586792,100,5.0,SELL
1749048406000000000,AAPL,XNAS,1.0019694566726685,100,309.0,SELL
1749048448000000000,AAPL,XNAS,1.0017706155776978,100,9.0,SELL
1749048451000000000,AAPL,XNAS,1.0023926496505737,100,100.0,BUY
1749048473000000000,AAPL,XNAS,1.0022969245910645,100,5.0,BUY
1749048476000000000,AAPL,XNAS,1.0023432970046997,100,97.0,BUY
1749048479000000000,AAPL,XNAS,1.0017699003219604,100,203.0,SELL
1749048509000000000,AAPL,XNAS,1.0020098686218262,100,41.0,BUY
1749048526000000000,AAPL,XNAS,1.0020956993103027,100,126.0,BUY
1749048547000000000,AAPL,XNAS,1.0022969245910645,100,24.0,BUY
1749048548000000000,AAPL,XNAS,1.0022969245910645,100,112.0,BUY
1749048562000000000,AAPL,XNAS,1.0019619464874268,100,120.0,SELL
1749048652000000000,AAPL,XNAS,1.0000903606414795,100,117.0,SELL
1749048679000000000,AAPL,XNAS,1.0002318620681763,100,1.0,SELL
1749048685000000000,AAPL,XNAS,1.0000463724136353,100,200.0,BUY
1749048736000000000,AAPL,XNAS,0.9998608827590942,100,1.0,BUY
1749048799000000000,AAPL,XNAS,1.0001909732818604,100,17.0,BUY
1749048807000000000,AAPL,XNAS,1.0001391172409058,100,73.0,SELL
1749048848000000000,AAPL,XNAS,0.9998144507408142,100,21.0,SELL
1749048892000000000,AAPL,XNAS,1.0001391172409058,100,1.0,BUY
1749048893000000000,AAPL,XNAS,1.0003246068954468,100,1.0,BUY
1749048894000000000,AAPL,XNAS,1.0003246068954468,100,4.0,BUY
1749048922000000000,AAPL,XNAS,1.0001391172409058,100,1.0,BUY
1749048975000000000,AAPL,XNAS,1.0002318620681763,100,1.0,SELL
1749049012000000000,AAPL,XNAS,1.0001391172409058,100,1.0,BUY
1749049057000000000,AAPL,XNAS,1.0000927448272705,100,1.0,BUY
1749049058000000000,AAPL,XNAS,1.0000927448272705,100,107.0,SELL
1749049139000000000,AAPL,XNAS,1.0003246068954468,100,1.0,SELL
1749049141000000000,AAPL,XNAS,1.0003246068954468,100,2.0,BUY
1749049145000000000,AAPL,XNAS,1.000463843345642,100,1.0,BUY
1749049167000000000,AAPL,XNAS,1.0005102157592773,100,2.0,BUY
1749049192000000000,AAPL,XNAS,1.0004174709320068,100,2.0,BUY
1749049225000000000,AAPL,XNAS,1.0026891231536865,100,6.0,BUY
1749049235000000000,AAPL,XNAS,1.003203272819519,100,5.0,SELL
1749049237000000000,AAPL,XNAS,1.0035353899002075,100,100.0,BUY
1749049252000000000,AAPL,XNAS,1.003203272819519,100,3.0,SELL
1749049281000000000,AAPL,XNAS,1.0044276714324951,100,122.0,BUY
1749049300000000000,AAPL,XNAS,1.0051488876342773,101,100.0,SELL
1749049315000000000,AAPL,XNAS,1.0057657957077026,101,3.0,SELL
1749049383000000000,AAPL,XNAS,1.0066200494766235,101,3.0,BUY
1749049384000000000,AAPL,XNAS,1.0068572759628296,101,2.0,BUY
1749049387000000000,AAPL,XNAS,1.006192922592163,101,3.0,UNKNOWN
1749049443000000000,AAPL,XNAS,1.0062878131866455,101,3.0,SELL
1749049457000000000,AAPL,XNAS,1.0060505867004395,101,70.0,SELL
1749049470000000000,AAPL,XNAS,1.005860686302185,101,206.0,SELL
1749049482000000000,AAPL,XNAS,1.0066572427749634,101,438.0,BUY
1749049485000000000,AAPL,XNAS,1.0059317350387573,101,201.0,SELL
1749049496000000000,AAPL,XNAS,1.0060514211654663,101,102.0,SELL
1749049501000000000,AAPL,XNAS,1.006382703781128,101,100.0,SELL
1749049513000000000,AAPL,XNAS,1.0060980319976807,101,100.0,BUY
1749049516000000000,AAPL,XNAS,1.0060980319976807,101,1.0,BUY
1749049521000000000,AAPL,XNAS,1.006192922592163,101,100.0,SELL
1749049532000000000,AAPL,XNAS,1.0055707693099976,101,18.0,SELL
1749049546000000000,AAPL,XNAS,1.0053861141204834,101,35.0,SELL
1749049549000000000,AAPL,XNAS,1.005054235458374,101,201.0,SELL
1749049551000000000,AAPL,XNAS,1.0048166513442993,100,100.0,BUY
1749049573000000000,AAPL,XNAS,1.0044317245483398,100,106.0,BUY
1749049604000000000,AAPL,XNAS,1.0031652450561523,100,15.0,BUY
1749049643000000000,AAPL,XNAS,1.0029908418655396,100,202.0,BUY
1749049675000000000,AAPL,XNAS,1.0029659271240234,100,2.0,BUY
1749049698000000000,AAPL,XNAS,1.002871036529541,100,75.0,SELL
1749049735000000000,AAPL,XNAS,1.0030133724212646,100,2.0,SELL
1749049752000000000,AAPL,XNAS,1.0033869743347168,100,39.0,SELL
1749049757000000000,AAPL,XNAS,1.0036777257919312,100,5.0,SELL
1749049770000000000,AAPL,XNAS,1.0037727355957031,100,1.0,SELL
1749049787000000000,AAPL,XNAS,1.004531979560852,100,1.0,BUY
1749049788000000000,AAPL,XNAS,1.004729151725769,100,109.0,BUY
1749049795000000000,AAPL,XNAS,1.004721760749817,100,2.0,SELL
1749049798000000000,AAPL,XNAS,1.0044212341308594,100,12.0,SELL
1749049800000000000,AAPL,XNAS,1.0020434856414795,100,201.0,SELL
1749049822000000000,AAPL,XNAS,1.0018489360809326,100,33.0,SELL
1749049839000000000,AAPL,XNAS,1.002384066581726,100,1.0,BUY
1749049876000000000,AAPL,XNAS,1.0024327039718628,100,201.0,SELL
1749049884000000000,AAPL,XNAS,1.0027246475219727,100,13.0,BUY
1749049905000000000,AAPL,XNAS,1.0027732849121094,100,3.0,BUY
1749049906000000000,AAPL,XNAS,1.0029679536819458,100,91.0,BUY
1749049920000000000,AAPL,XNAS,1.0025246143341064,100,117.0,SELL
1749049970000000000,AAPL,XNAS,1.0026273727416992,100,2.0,BUY
1749050003000000000,AAPL,XNAS,1.0029679536819458,100,6.0,BUY
1749050028000000000,AAPL,XNAS,1.002919316291809,100,1.0,BUY
1749050043000000000,AAPL,XNAS,1.0024434328079224,100,128.0,SELL
1749050044000000000,AAPL,XNAS,1.0024813413619995,100,15.0,BUY
1749050045000000000,AAPL,XNAS,1.0025787353515625,100,1.0,BUY
1749050107000000000,AAPL,XNAS,1.0027732849121094,100,1.0,SELL
1749050109000000000,AAPL,XNAS,1.003113865852356,100,16.0,SELL
1749050110000000000,AAPL,XNAS,1.003211259841919,100,2.0,SELL
1749050120000000000,AAPL,XNAS,1.0034544467926025,100,28.0,SELL
1749050148000000000,AAPL,XNAS,1.0033085346221924,100,133.0,SELL
1749050183000000000,AAPL,XNAS,1.0035518407821655,100,2.0,BUY
1749050188000000000,AAPL,XNAS,1.0032598972320557,100,10.0,SELL
1749050207000000000,AAPL,XNAS,1.003357172012329,100,1.0,BUY
1749050229000000000,AAPL,XNAS,1.003357172012329,100,14.0,BUY
1749050249000000000,AAPL,XNAS,1.0033092498779297,100,127.0,SELL
1749050272000000000,AAPL,XNAS,1.0035030841827393,100,18.0,SELL
1749050287000000000,AAPL,XNAS,1.0037950277328491,100,36.0,SELL
1749050288000000000,AAPL,XNAS,1.003649115562439,100,90.0,BUY
1749050299000000000,AAPL,XNAS,1.0034544467926025,100,15.0,BUY
1749050328000000000,AAPL,XNAS,1.0035518407821655,100,1.0,BUY
1749050329000000000,AAPL,XNAS,1.0034058094024658,100,90.0,BUY
1749050339000000000,AAPL,XNAS,1.0034544467926025,100,10.0,BUY
1749050341000000000,AAPL,XNAS,1.003029227256775,100,135.0,SELL
1749050342000000000,AAPL,XNAS,1.0030165910720825,100,100.0,SELL
1749050400000000000,AAPL,XNAS,1.0005487203598022,100,239.0,BUY
1749050431000000000,AAPL,XNAS,1.0003257989883423,100,200.0,BUY
1749050486000000000,AAPL,XNAS,0.9991127848625183,100,30.0,SELL
1749050487000000000,AAPL,XNAS,0.9990225434303284,100,12.0,SELL
1749050492000000000,AAPL,XNAS,0.9984711408615112,100,200.0,SELL
1749050511000000000,AAPL,XNAS,0.9998651146888733,100,656.0,SELL
1749050540000000000,AAPL,XNAS,1.001278281211853,100,70.0,BUY
1749050544000000000,AAPL,XNAS,1.0024372339248657,100,124.0,BUY
1749050579000000000,AAPL,XNAS,1.0013785362243652,100,8.0,BUY
1749050603000000000,AAPL,XNAS,1.0030326843261719,100,71.0,BUY
1749050604000000000,AAPL,XNAS,1.0034047365188599,100,213.0,SELL
1749050648000000000,AAPL,XNAS,1.0039349794387817,100,10.0,SELL
1749050650000000000,AAPL,XNAS,1.0031830072402954,100,130.0,SELL
1749050780000000000,AAPL,XNAS,1.004536509513855,100,52.0,SELL
1749050802000000000,AAPL,XNAS,1.0052462816238403,101,31.0,BUY
1749050847000000000,AAPL,XNAS,1.005338430404663,101,10.0,BUY
1749050866000000000,AAPL,XNAS,1.0067260265350342,101,576.0,SELL
1749050879000000000,AAPL,XNAS,1.0078155994415283,101,578.0,BUY
1749050880000000000,AAPL,XNAS,1.0070929527282715,101,80.0,BUY
1749050884000000000,AAPL,XNAS,1.0074437856674194,101,242.0,SELL
1749050978000000000,AAPL,XNAS,1.0068305730819702,101,881.0,BUY
1749050979000000000,AAPL,XNAS,1.0055891275405884,101,6.0,BUY
1749050980000000000,AAPL,XNAS,1.0055891275405884,101,1.0,SELL
1749051040000000000,AAPL,XNAS,0.9998868703842163,100,67.0,SELL
1749051052000000000,AAPL,XNAS,0.9999764561653137,100,21.0,SELL
1749051076000000000,AAPL,XNAS,1.00028657913208,100,101.0,SELL
1749051101000000000,AAPL,XNAS,1.0000782012939453,100,100.0,SELL
1749051144000000000,AAPL,XNAS,1.00106680393219,100,757.0,SELL
1749051145000000000,AAPL,XNAS,1.0013923645019531,100,71.0,SELL
1749051157000000000,AAPL,XNAS,1.0015889406204224,100,2.0,SELL
1749051167000000000,AAPL,XNAS,1.0016411542892456,100,1.0,BUY
1749051178000000000,AAPL,XNAS,1.0012120008468628,100,220.0,BUY
1749051187000000000,AAPL,XNAS,1.0007033348083496,100,2.0,SELL
1749051220000000000,AAPL,XNAS,1.0006015300750732,100,22.0,SELL
1749051223000000000,AAPL,XNAS,1.0007554292678833,100,1.0,SELL
1749051227000000000,AAPL,XNAS,1.0007554292678833,100,3.0,SELL
1749051231000000000,AAPL,XNAS,1.0005296468734741,100,3.0,SELL
1749051234000000000,AAPL,XNAS,1.0004428625106812,100,1.0,SELL
1749051242000000000,AAPL,XNAS,1.0003907680511475,100,45.0,SELL
1749051263000000000,AAPL,XNAS,1.0007798671722412,100,147.0,BUY
1749051287000000000,AAPL,XNAS,1.0007554292678833,100,1.0,SELL
1749051321000000000,AAPL,XNAS,1.0003907680511475,100,104.0,SELL
1749051333000000000,AAPL,XNAS,1.00028657913208,100,2.0,SELL
1749051349000000000,AAPL,XNAS,1.0005991458892822,100,5.0,SELL
1749051407000000000,AAPL,XNAS,1.000651240348816,100,5.0,UNKNOWN
1749051409000000000,AAPL,XNAS,1.000651240348816,100,1.0,BUY
1749051424000000000,AAPL,XNAS,1.000651240348816,100,7.0,SELL
1749051450000000000,AAPL,XNAS,1.00028657913208,100,201.0,SELL
1749051466000000000,AAPL,XNAS,1.000257968902588,100,31.0,SELL
1749051473000000000,AAPL,XNAS,1.000130295753479,100,201.0,SELL
1749051474000000000,AAPL,XNAS,1.00028657913208,100,1.0,BUY
1749051526000000000,AAPL,XNAS,1.0004949569702148,100,4.0,UNKNOWN
1749051533000000000,AAPL,XNAS,1.0005470514297485,100,1.0,SELL
1749051534000000000,AAPL,XNAS,1.0008922815322876,100,51.0,SELL
1749051535000000000,AAPL,XNAS,1.0012763738632202,100,1.0,BUY
1749051586000000000,AAPL,XNAS,1.000963807106018,100,1.0,SELL
1749051587000000000,AAPL,XNAS,1.0010159015655518,100,4.0,BUY
1749051588000000000,AAPL,XNAS,1.001484751701355,100,3.0,BUY
1749051589000000000,AAPL,XNAS,1.001484751701355,100,97.0,BUY
1749051606000000000,AAPL,XNAS,0.9996991753578186,100,613.0,SELL
1749051617000000000,AAPL,XNAS,1.0001413822174072,100,109.0,BUY
1749051633000000000,AAPL,XNAS,1.0002477169036865,100,8.0,BUY
1749051637000000000,AAPL,XNAS,1.0003467798233032,100,3.0,SELL
1749051638000000000,AAPL,XNAS,1.0005946159362793,100,11.0,BUY
1749051665000000000,AAPL,XNAS,1.0005450248718262,100,110.0,BUY
1749051678000000000,AAPL,XNAS,1.0001029968261719,100,206.0,SELL
1749051679000000000,AAPL,XNAS,0.9998911619186401,100,61.0,SELL
1749051696000000000,AAPL,XNAS,1.0000534057617188,100,191.0,BUY
1749051701000000000,AAPL,XNAS,1.000198245048523,100,161.0,SELL
1749051706000000000,AAPL,XNAS,1.0004459619522095,100,36.0,BUY
1749051721000000000,AAPL,XNAS,1.0002477169036865,100,2.0,SELL
1749051748000000000,AAPL,XNAS,1.0005773305892944,100,466.0,BUY
1749051749000000000,AAPL,XNAS,1.000693678855896,100,1.0,BUY
1749051769000000000,AAPL,XNAS,1.0003467798233032,100,3.0,SELL
1749051789000000000,AAPL,XNAS,1.0002973079681396,100,4.0,BUY
1749051820000000000,AAPL,XNAS,1.0000990629196167,100,59.0,SELL
1749051828000000000,AAPL,XNAS,0.9998189210891724,100,561.0,SELL
1749051835000000000,AAPL,XNAS,0.9997522830963135,100,2.0,SELL
1749051855000000000,AAPL,XNAS,1.0000990629196167,100,4.0,BUY
1749051858000000000,AAPL,XNAS,0.9999504685401917,100,16.0,UNKNOWN
1749051863000000000,AAPL,XNAS,1.0000357627868652,100,395.0,BUY
1749051865000000000,AAPL,XNAS,1.0001486539840698,100,1.0,BUY
1749051880000000000,AAPL,XNAS,0.9998018145561218,100,180.0,SELL
1749051883000000000,AAPL,XNAS,0.9997026920318604,100,97.0,SELL
1749051884000000000,AAPL,XNAS,1.0000990629196167,100,100.0,BUY
1749051902000000000,AAPL,XNAS,1.000198245048523,100,24.0,BUY
1749051903000000000,AAPL,XNAS,1.0,100,25.0,SELL
1749051921000000000,AAPL,XNAS,1.0,100,34.0,SELL
1749051924000000000,AAPL,XNAS,0.9999704957008362,100,126.0,BUY
1749051953000000000,AAPL,XNAS,0.9998018145561218,100,13.0,SELL
1749051960000000000,AAPL,XNAS,0.9997538924217224,100,121.0,SELL
1749051963000000000,AAPL,XNAS,0.999653160572052,100,109.0,SELL
1749051964000000000,AAPL,XNAS,0.9996445775032043,100,294.0,SELL
1749051965000000000,AAPL,XNAS,0.9996036291122437,100,119.0,SELL
1749051973000000000,AAPL,XNAS,0.9995642304420471,100,166.0,BUY
1749051987000000000,AAPL,XNAS,0.9997026920318604,100,4.0,BUY
1749051995000000000,AAPL,XNAS,0.9998897314071655,100,226.0,BUY
1749051996000000000,AAPL,XNAS,0.9999698996543884,100,84.0,BUY
1749052011000000000,AAPL,XNAS,0.9998513460159302,100,1.0,BUY
1749052019000000000,AAPL,XNAS,1.0,100,118.0,SELL
1749052065000000000,AAPL,XNAS,0.9997522830963135,100,118.0,BUY
1749052087000000000,AAPL,XNAS,0.9999504685401917,100,16.0,BUY
1749052117000000000,AAPL,XNAS,0.9995527267456055,100,361.0,BUY
1749052120000000000,AAPL,XNAS,0.9992567896842957,100,3.0,SELL
1749052132000000000,AAPL,XNAS,0.9992567896842957,100,100.0,SELL
1749052133000000000,AAPL,XNAS,0.9992523789405823,100,203.0,BUY
1749052168000000000,AAPL,XNAS,0.9989595413208008,100,100.0,BUY
1749052174000000000,AAPL,XNAS,0.9992072582244873,100,3.0,BUY
1749052180000000000,AAPL,XNAS,0.9994639754295349,100,11.0,BUY
1749052182000000000,AAPL,XNAS,0.9995540976524353,100,12.0,BUY
1749052200000000000,AAPL,XNAS,1.0010071992874146,100,95.0,BUY
1749052236000000000,AAPL,XNAS,1.0015196800231934,100,2.0,BUY
1749052280000000000,AAPL,XNAS,1.0014698505401611,100,100.0,SELL
1749052281000000000,AAPL,XNAS,1.0017189979553223,100,1.0,BUY
1749052363000000000,AAPL,XNAS,1.0009217262268066,100,100.0,SELL
1749052433000000000,AAPL,XNAS,1.0012705326080322,100,1.0,SELL
1749052485000000000,AAPL,XNAS,1.0004398822784424,100,131.0,SELL
1749052516000000000,AAPL,XNAS,1.0011708736419678,100,1.0,BUY
1749052646000000000,AAPL,XNAS,1.0018683671951294,100,1.0,BUY
1749052647000000000,AAPL,XNAS,1.001768708229065,100,10.0,BUY
1749052650000000000,AAPL,XNAS,1.001768708229065,100,11.0,BUY
1749052652000000000,AAPL,XNAS,1.0019639730453491,100,247.0,SELL
1749052655000000000,AAPL,XNAS,1.0017690658569336,100,201.0,BUY
1749052664000000000,AAPL,XNAS,1.000975489616394,100,102.0,SELL
1749052676000000000,AAPL,XNAS,1.0005232095718384,100,178.0,BUY
1749052738000000000,AAPL,XNAS,1.0001325607299805,100,155.0,BUY
1749052752000000000,AAPL,XNAS,0.9999750852584839,100,200.0,BUY
1749052777000000000,AAPL,XNAS,1.0009217262268066,100,100.0,BUY
1749052779000000000,AAPL,XNAS,1.0009560585021973,100,321.0,BUY
1749052790000000000,AAPL,XNAS,1.0006476640701294,100,14.0,BUY
1749052800000000000,AAPL,XNAS,0.9998524188995361,100,101.0,BUY
1749052802000000000,AAPL,XNAS,0.9996557235717773,100,2.0,SELL
1749052814000000000,AAPL,XNAS,0.9995573163032532,100,2.0,SELL
1749052825000000000,AAPL,XNAS,0.9999508261680603,100,10.0,BUY
1749052831000000000,AAPL,XNAS,1.0001475811004639,100,100.0,BUY
1749052873000000000,AAPL,XNAS,0.9998524188995361,100,1.0,SELL
1749052946000000000,AAPL,XNAS,0.9999016523361206,100,12.0,SELL
1749052964000000000,AAPL,XNAS,0.9994589686393738,100,1.0,SELL
1749052965000000000,AAPL,XNAS,0.9995573163032532,100,2.0,SELL
1749053003000000000,AAPL,XNAS,0.9997540712356567,100,2.0,SELL
1749053004000000000,AAPL,XNAS,0.9996525049209595,100,92.0,SELL
1749053005000000000,AAPL,XNAS,0.9999219179153442,100,126.0,BUY
1749053022000000000,AAPL,XNAS,0.9994097948074341,100,105.0,SELL
1749053028000000000,AAPL,XNAS,0.9993113875389099,100,25.0,SELL
1749053029000000000,AAPL,XNAS,0.9992636442184448,100,68.0,SELL
1749053031000000000,AAPL,XNAS,0.9991554617881775,100,135.0,SELL
1749053035000000000,AAPL,XNAS,0.9993113875389099,100,10.0,SELL
1749053043000000000,AAPL,XNAS,0.9990028738975525,100,55.0,SELL
1749053049000000000,AAPL,XNAS,0.9989179372787476,100,66.0,SELL
1749053051000000000,AAPL,XNAS,0.9989671111106873,100,5.0,SELL
1749053059000000000,AAPL,XNAS,0.9993253350257874,100,113.0,SELL
1749053061000000000,AAPL,XNAS,0.9991638660430908,100,2.0,SELL
1749053098000000000,AAPL,XNAS,0.9997832775115967,100,246.0,SELL
1749053100000000000,AAPL,XNAS,1.0000983476638794,100,33.0,BUY
1749053124000000000,AAPL,XNAS,1.0001906156539917,100,8.0,SELL
1749053277000000000,AAPL,XNAS,1.0000249147415161,100,178.0,SELL
1749053284000000000,AAPL,XNAS,1.0,100,1.0,SELL
1749053286000000000,AAPL,XNAS,1.0,100,17.0,SELL
1749053318000000000,AAPL,XNAS,1.0000492334365845,100,2.0,BUY
1749053372000000000,AAPL,XNAS,1.0002951622009277,100,1.0,BUY
1749053373000000000,AAPL,XNAS,1.0002951622009277,100,11.0,BUY
1749053379000000000,AAPL,XNAS,1.0,100,1.0,BUY
1749053401000000000,AAPL,XNAS,0.9996958374977112,100,1.0,SELL
1749053455000000000,AAPL,XNAS,0.9998455047607422,100,21.0,BUY
1749053494000000000,AAPL,XNAS,1.0003176927566528,100,157.0,BUY
1749053532000000000,AAPL,XNAS,0.9998502731323242,100,130.0,BUY
1749053568000000000,AAPL,XNAS,0.9994423985481262,100,1.0,SELL
1749053671000000000,AAPL,XNAS,1.0001521110534668,100,2.0,BUY
1749053689000000000,AAPL,XNAS,1.0006541013717651,100,425.0,SELL
1749053728000000000,AAPL,XNAS,1.001064419746399,100,1.0,BUY
1749053781000000000,AAPL,XNAS,1.0016764402389526,100,206.0,BUY
1749053853000000000,AAPL,XNAS,1.0022521018981934,100,14.0,SELL
1749053872000000000,AAPL,XNAS,1.002610445022583,100,2.0,BUY
1749053917000000000,AAPL,XNAS,1.0023367404937744,100,847.0,BUY
1749053933000000000,AAPL,XNAS,1.0025968551635742,100,113.0,BUY
1749053934000000000,AAPL,XNAS,1.0022810697555542,100,6.0,SELL
1749054078000000000,AAPL,XNAS,0.9918577671051025,99,143.0,SELL
1749054097000000000,AAPL,XNAS,0.993904709815979,99,502.0,SELL
1749054121000000000,AAPL,XNAS,0.9941222071647644,99,45.0,SELL
1749054141000000000,AAPL,XNAS,0.9930915832519531,99,337.0,SELL
1749054234000000000,AAPL,XNAS,0.9948930144309998,99,1.0,BUY
1749054237000000000,AAPL,XNAS,0.9931418299674988,99,158.0,SELL
1749054297000000000,AAPL,XNAS,0.9924840927124023,99,101.0,SELL
1749054298000000000,AAPL,XNAS,0.9924359321594238,99,5.0,SELL
1749054299000000000,AAPL,XNAS,0.9924840927124023,99,1.0,BUY
1749054319000000000,AAPL,XNAS,0.9917609691619873,99,221.0,BUY
1749054327000000000,AAPL,XNAS,0.9907014966011047,99,10.0,SELL
1749054361000000000,AAPL,XNAS,0.9914241433143616,99,1.0,BUY
1749054364000000000,AAPL,XNAS,0.9903160333633423,99,6.0,BUY
1749054369000000000,AAPL,XNAS,0.9895556569099426,99,341.0,BUY
1749054381000000000,AAPL,XNAS,0.989582896232605,99,23.0,SELL
1749054399000000000,AAPL,XNAS,0.9893043041229248,99,27.0,SELL
1749054400000000000,AAPL,XNAS,0.9895137548446655,99,184.0,BUY
1749054401000000000,AAPL,XNAS,0.9897180795669556,99,170.0,BUY
1749054492000000000,AAPL,XNAS,0.9901233315467834,99,1.0,SELL
1749054580000000000,AAPL,XNAS,0.991905927658081,99,2.0,BUY
1749054592000000000,AAPL,XNAS,0.9905774593353271,99,202.0,SELL
1749054601000000000,AAPL,XNAS,1.0041890144348145,100,123.0,BUY
1749054602000000000,AAPL,XNAS,1.0032320022583008,100,306.0,BUY
1749054696000000000,AAPL,XNAS,1.0022711753845215,100,1.0,BUY
1749054715000000000,AAPL,XNAS,1.0030125379562378,100,609.0,BUY
1749054726000000000,AAPL,XNAS,1.003203272819519,100,522.0,BUY
1749054738000000000,AAPL,XNAS,1.002395510673523,100,377.0,BUY
1749054761000000000,AAPL,XNAS,1.0028821229934692,100,359.0,BUY
1749054772000000000,AAPL,XNAS,1.001037836074829,100,94.0,BUY
1749054776000000000,AAPL,XNAS,1.001968264579773,100,103.0,BUY
1749054817000000000,AAPL,XNAS,1.0009114742279053,100,166.0,SELL
1749054825000000000,AAPL,XNAS,1.000555157661438,100,4.0,SELL
1749054857000000000,AAPL,XNAS,1.0019780397415161,100,516.0,BUY
1749054863000000000,AAPL,XNAS,1.001312255859375,100,1.0,SELL
1749054894000000000,AAPL,XNAS,1.0017445087432861,100,115.0,BUY
1749054899000000000,AAPL,XNAS,1.0009084939956665,100,37.0,BUY
1749054902000000000,AAPL,XNAS,0.9991419911384583,100,100.0,BUY
1749054906000000000,AAPL,XNAS,0.9993438720703125,100,3.0,BUY
1749054907000000000,AAPL,XNAS,0.999444842338562,100,103.0,BUY
1749054912000000000,AAPL,XNAS,0.998889684677124,100,11.0,BUY
1749054984000000000,AAPL,XNAS,0.9954871535301208,100,833.0,BUY
1749054987000000000,AAPL,XNAS,0.9956392645835876,100,166.0,SELL
1749055000000000000,AAPL,XNAS,0.99727463722229,100,1.0,BUY
1749055002000000000,AAPL,XNAS,0.9977288842201233,100,100.0,BUY
1749055003000000000,AAPL,XNAS,0.997829794883728,100,200.0,SELL
1749055015000000000,AAPL,XNAS,0.9976807832717896,100,105.0,BUY
1749055016000000000,AAPL,XNAS,0.9979802370071411,100,201.0,BUY
1749055019000000000,AAPL,XNAS,0.9979812502861023,100,400.0,BUY
1749055020000000000,AAPL,XNAS,0.9979812502861023,100,108.0,BUY
1749055021000000000,AAPL,XNAS,0.9979812502861023,100,1.0,BUY
1749055025000000000,AAPL,XNAS,0.9985846281051636,100,545.0,SELL
1749055054000000000,AAPL,XNAS,0.9985364079475403,100,32.0,SELL
1749055065000000000,AAPL,XNAS,0.9985364079475403,100,4.0,SELL
1749055078000000000,AAPL,XNAS,0.9978918433189392,100,140.0,SELL
1749055149000000000,AAPL,XNAS,0.9985822439193726,100,1100.0,SELL
1749055159000000000,AAPL,XNAS,0.9975774884223938,100,40.0,BUY
1749055199000000000,AAPL,XNAS,0.9958110451698303,100,200.0,SELL
1749055201000000000,AAPL,XNAS,0.9983776211738586,100,6.0,BUY
1749055202000000000,AAPL,XNAS,0.998255729675293,100,687.0,BUY
1749055203000000000,AAPL,XNAS,0.9973773956298828,100,234.0,BUY
1749055204000000000,AAPL,XNAS,0.9960068464279175,100,146.0,BUY
1749055228000000000,AAPL,XNAS,0.996683657169342,100,200.0,SELL
1749055241000000000,AAPL,XNAS,0.9973278641700745,100,3.0,SELL
1749055242000000000,AAPL,XNAS,0.997184693813324,100,1.0,BUY
1749055258000000000,AAPL,XNAS,0.9973756074905396,100,1.0,SELL
1749055262000000000,AAPL,XNAS,0.9978527426719666,100,4.0,SELL
1749055267000000000,AAPL,XNAS,0.9985305070877075,100,309.0,BUY
1749055268000000000,AAPL,XNAS,0.9987116456031799,100,89.0,SELL
1749055269000000000,AAPL,XNAS,0.9991888403892517,100,100.0,SELL
1749055273000000000,AAPL,XNAS,0.9986321330070496,100,27.0,BUY
1749055275000000000,AAPL,XNAS,0.9986639022827148,100,100.0,BUY
1749055292000000000,AAPL,XNAS,0.9988548159599304,100,1.0,BUY
1749055317000000000,AAPL,XNAS,0.9984149932861328,100,138.0,SELL
1749055338000000000,AAPL,XNAS,0.9988548159599304,100,200.0,SELL
1749055356000000000,AAPL,XNAS,0.9989979267120361,100,105.0,BUY
1749055361000000000,AAPL,XNAS,0.9985684752464294,100,1.0,SELL
1749055449000000000,AAPL,XNAS,0.9985417127609253,100,180.0,BUY
1749055450000000000,AAPL,XNAS,0.9982344508171082,100,3.0,BUY
1749055488000000000,AAPL,XNAS,0.9983776211738586,100,1.0,SELL
1749055491000000000,AAPL,XNAS,0.9986162185668945,100,1.0,BUY
1749055494000000000,AAPL,XNAS,0.9983776211738586,100,120.0,BUY
1749055519000000000,AAPL,XNAS,0.9978527426719666,100,2.0,SELL
1749055521000000000,AAPL,XNAS,0.9978513717651367,100,103.0,BUY
1749055523000000000,AAPL,XNAS,0.9975062012672424,100,114.0,SELL
1749055524000000000,AAPL,XNAS,0.997471034526825,100,11.0,SELL
1749055540000000000,AAPL,XNAS,0.9971370100975037,100,17.0,SELL
1749055562000000000,AAPL,XNAS,0.9968010783195496,100,149.0,SELL
1749055563000000000,AAPL,XNAS,0.9971370100975037,100,200.0,SELL
1749055564000000000,AAPL,XNAS,0.9972801208496094,100,1.0,BUY
1749055566000000000,AAPL,XNAS,0.9968506693840027,100,5.0,SELL
1749055583000000000,AAPL,XNAS,0.99732905626297,100,479.0,SELL
1749055588000000000,AAPL,XNAS,0.997471034526825,100,70.0,SELL
1749055590000000000,AAPL,XNAS,0.9978050589561462,100,1.0,BUY
1749055595000000000,AAPL,XNAS,0.997439980506897,100,160.0,BUY
1749055609000000000,AAPL,XNAS,0.9968506693840027,100,29.0,SELL
1749055615000000000,AAPL,XNAS,0.9965643882751465,100,100.0,SELL
1749055658000000000,AAPL,XNAS,0.9966703653335571,100,489.0,BUY
1749055694000000000,AAPL,XNAS,0.9963257908821106,100,1.0,SELL
1749055695000000000,AAPL,XNAS,0.9966438412666321,100,301.0,BUY
1749055708000000000,AAPL,XNAS,0.9966598153114319,100,138.0,BUY
1749055737000000000,AAPL,XNAS,0.9962477087974548,100,22.0,SELL
1749055751000000000,AAPL,XNAS,0.9966121315956116,100,101.0,SELL
1749055755000000000,AAPL,XNAS,0.996421217918396,100,62.0,BUY
1749055758000000000,AAPL,XNAS,0.996421217918396,100,36.0,SELL
1749055774000000000,AAPL,XNAS,0.9963735342025757,100,31.0,SELL
1749055784000000000,AAPL,XNAS,0.99640953540802,100,49.0,BUY
1749055800000000000,AAPL,XNAS,0.9981194138526917,100,52.0,BUY
1749055802000000000,AAPL,XNAS,0.9981899261474609,100,288.0,SELL
1749055823000000000,AAPL,XNAS,0.998558521270752,100,44.0,BUY
1749055824000000000,AAPL,XNAS,0.9985278248786926,100,100.0,BUY
1749055830000000000,AAPL,XNAS,0.9985761046409607,100,408.0,SELL
1749055832000000000,AAPL,XNAS,0.9985761046409607,100,17.0,BUY
1749055836000000000,AAPL,XNAS,0.9985761046409607,100,34.0,SELL
1749055838000000000,AAPL,XNAS,0.9988656640052795,100,100.0,SELL
1749055845000000000,AAPL,XNAS,0.999197781085968,100,25.0,BUY
1749055847000000000,AAPL,XNAS,0.9992462992668152,100,305.0,SELL
1749055856000000000,AAPL,XNAS,0.9998793005943298,100,37.0,SELL
1749055861000000000,AAPL,XNAS,1.0002171993255615,100,204.0,SELL
1749055900000000000,AAPL,XNAS,1.0006515979766846,100,1.0,BUY
1749055901000000000,AAPL,XNAS,1.0000519752502441,100,165.0,SELL
1749055916000000000,AAPL,XNAS,0.999975860118866,100,368.0,BUY
1749055917000000000,AAPL,XNAS,0.9996862411499023,100,66.0,BUY
1749055923000000000,AAPL,XNAS,0.9998348951339722,100,317.0,SELL
1749055929000000000,AAPL,XNAS,1.0003620386123657,100,3.0,BUY
1749055930000000000,AAPL,XNAS,1.0006515979766846,100,304.0,BUY
1749055933000000000,AAPL,XNAS,1.000941276550293,100,108.0,BUY
1749055937000000000,AAPL,XNAS,1.0011825561523438,100,3.0,BUY
1749055938000000000,AAPL,XNAS,1.0012791156768799,100,2.0,BUY
1749055940000000000,AAPL,XNAS,1.001423954963684,100,69.0,BUY
1749055943000000000,AAPL,XNAS,1.0022220611572266,100,420.0,SELL
1749055944000000000,AAPL,XNAS,1.0031132698059082,100,100.0,SELL
1749055967000000000,AAPL,XNAS,1.0028237104415894,100,7.0,BUY
1749056008000000000,AAPL,XNAS,1.002582311630249,100,2.0,SELL
1749056045000000000,AAPL,XNAS,1.0022430419921875,100,104.0,BUY
1749056054000000000,AAPL,XNAS,1.0026229619979858,100,125.0,SELL
1749056092000000000,AAPL,XNAS,1.002291202545166,100,411.0,BUY
1749056112000000000,AAPL,XNAS,1.0014480352401733,100,2.0,BUY
1749056117000000000,AAPL,XNAS,1.0013084411621094,100,23.0,SELL
1749056124000000000,AAPL,XNAS,1.0012308359146118,100,6.0,UNKNOWN
1749056128000000000,AAPL,XNAS,1.0010377168655396,100,2.0,SELL
1749056130000000000,AAPL,XNAS,1.0017467737197876,100,354.0,BUY
1749056153000000000,AAPL,XNAS,1.0019066333770752,100,16.0,BUY
1749056154000000000,AAPL,XNAS,1.0021870136260986,100,324.0,BUY
1749056166000000000,AAPL,XNAS,1.0015203952789307,100,100.0,SELL
1749056177000000000,AAPL,XNAS,1.0020513534545898,100,116.0,BUY
1749056178000000000,AAPL,XNAS,1.002051830291748,100,103.0,BUY
1749056193000000000,AAPL,XNAS,1.0011385679244995,100,103.0,SELL
1749056202000000000,AAPL,XNAS,1.0015696287155151,100,204.0,BUY
1749056226000000000,AAPL,XNAS,1.0008447170257568,100,204.0,SELL
1749056227000000000,AAPL,XNAS,1.0004746913909912,100,3.0,SELL
1749056259000000000,AAPL,XNAS,0.999975860118866,100,1.0,BUY
1749056263000000000,AAPL,XNAS,1.0002171993255615,100,2.0,BUY
1749056278000000000,AAPL,XNAS,1.0005067586898804,100,4.0,BUY
1749056279000000000,AAPL,XNAS,1.0008447170257568,100,1.0,BUY
1749056290000000000,AAPL,XNAS,1.0004585981369019,100,4.0,BUY
1749056293000000000,AAPL,XNAS,1.000756025314331,100,49.0,BUY
1749056300000000000,AAPL,XNAS,1.0008792877197266,100,209.0,BUY
1749056302000000000,AAPL,XNAS,1.0009403228759766,100,111.0,BUY
1749056316000000000,AAPL,XNAS,1.0004585981369019,100,1.0,BUY
1749056341000000000,AAPL,XNAS,1.0007481575012207,100,104.0,BUY
1749056349000000000,AAPL,XNAS,1.0009242296218872,100,222.0,BUY
1749056350000000000,AAPL,XNAS,1.0009913444519043,100,103.0,BUY
1749056355000000000,AAPL,XNAS,1.001375675201416,100,10.0,SELL
1749056362000000000,AAPL,XNAS,1.0019549131393433,100,46.0,SELL
1749056364000000000,AAPL,XNAS,1.0015203952789307,100,104.0,SELL
1749056384000000000,AAPL,XNAS,1.0010335445404053,100,103.0,SELL
1749056395000000000,AAPL,XNAS,1.0006518363952637,100,201.0,SELL
1749056485000000000,AAPL,XNAS,1.0007226467132568,100,1.0,SELL
1749056556000000000,AAPL,XNAS,1.0007226467132568,100,1.0,BUY
1749056576000000000,AAPL,XNAS,1.000815987586975,100,29.0,BUY
1749056578000000000,AAPL,XNAS,1.0008149147033691,100,43.0,BUY
1749056586000000000,AAPL,XNAS,1.0009092092514038,100,5.0,BUY
1749056634000000000,AAPL,XNAS,1.0009558200836182,100,2.0,BUY
1749056635000000000,AAPL,XNAS,1.0009558200836182,100,1.0,BUY
1749056646000000000,AAPL,XNAS,1.0010074377059937,100,570.0,SELL
1749056695000000000,AAPL,XNAS,1.0013347864151,100,31.0,BUY
1749056726000000000,AAPL,XNAS,1.0011889934539795,100,38.0,BUY
1749056751000000000,AAPL,XNAS,1.0016368627548218,100,28.0,BUY
1749056790000000000,AAPL,XNAS,1.0014220476150513,100,1.0,BUY
1749056857000000000,AAPL,XNAS,1.0015619993209839,100,1.0,BUY
1749056906000000000,AAPL,XNAS,1.00151526927948,100,1.0,BUY
1749056909000000000,AAPL,XNAS,1.0017023086547852,100,93.0,BUY
1749056957000000000,AAPL,XNAS,1.001682162284851,100,142.0,BUY
1749056976000000000,AAPL,XNAS,1.0013988018035889,100,601.0,SELL
1749057023000000000,AAPL,XNAS,0.9995462894439697,100,1.0,SELL
1749057050000000000,AAPL,XNAS,0.9995967149734497,100,1.0,SELL
1749057063000000000,AAPL,XNAS,0.9997983574867249,100,1.0,BUY
1749057066000000000,AAPL,XNAS,0.9995967149734497,100,1.0,SELL
1749057072000000000,AAPL,XNAS,0.9997983574867249,100,25.0,BUY
1749057083000000000,AAPL,XNAS,0.9997479319572449,100,2.0,BUY
1749057092000000000,AAPL,XNAS,0.9997479319572449,100,31.0,BUY
1749057104000000000,AAPL,XNAS,0.9997983574867249,100,100.0,SELL
1749057105000000000,AAPL,XNAS,0.9997983574867249,100,112.0,SELL
1749057108000000000,AAPL,XNAS,0.9994968175888062,100,434.0,SELL
1749057154000000000,AAPL,XNAS,0.9993303418159485,100,127.0,SELL
1749057160000000000,AAPL,XNAS,0.9991430044174194,100,110.0,SELL
1749057161000000000,AAPL,XNAS,0.9990925788879395,100,6.0,SELL
1749057170000000000,AAPL,XNAS,0.9990925788879395,100,1.0,SELL
1749057185000000000,AAPL,XNAS,0.9990925788879395,100,3.0,SELL
1749057192000000000,AAPL,XNAS,0.998996376991272,100,11.0,SELL
1749057211000000000,AAPL,XNAS,0.9987338185310364,100,68.0,SELL
1749057216000000000,AAPL,XNAS,0.9991430044174194,100,112.0,SELL
1749057230000000000,AAPL,XNAS,0.9991430044174194,100,3.0,SELL
1749057244000000000,AAPL,XNAS,0.9989917874336243,100,63.0,SELL
1749057267000000000,AAPL,XNAS,0.9989490509033203,100,257.0,BUY
1749057271000000000,AAPL,XNAS,0.9986892938613892,100,1.0,SELL
1749057290000000000,AAPL,XNAS,0.9987901449203491,100,1.0,SELL
1749057308000000000,AAPL,XNAS,0.9989917874336243,100,118.0,BUY
1749057312000000000,AAPL,XNAS,0.9986094236373901,100,135.0,SELL
1749057350000000000,AAPL,XNAS,0.9985345005989075,100,126.0,SELL
1749057360000000000,AAPL,XNAS,0.9984372854232788,100,1.0,SELL
1749057362000000000,AAPL,XNAS,0.9984372854232788,100,2.0,SELL
1749057365000000000,AAPL,XNAS,0.9983112215995789,100,2.0,SELL
1749057373000000000,AAPL,XNAS,0.9981956481933594,100,366.0,BUY
1749057410000000000,AAPL,XNAS,0.9980340003967285,100,1.0,SELL
1749057412000000000,AAPL,XNAS,0.9980340003967285,100,3.0,UNKNOWN
1749057423000000000,AAPL,XNAS,0.9982482194900513,100,444.0,SELL
1749057470000000000,AAPL,XNAS,0.9982860088348389,100,1.0,SELL
1749057477000000000,AAPL,XNAS,0.9984372854232788,100,1.0,BUY
1749057478000000000,AAPL,XNAS,0.9984372854232788,100,202.0,BUY
1749057479000000000,AAPL,XNAS,0.998397946357727,100,286.0,BUY
1749057496000000000,AAPL,XNAS,0.9982852339744568,100,308.0,SELL
1749057529000000000,AAPL,XNAS,0.9983364343643188,100,1.0,UNKNOWN
1749057532000000000,AAPL,XNAS,0.9985100626945496,100,462.0,SELL
1749057533000000000,AAPL,XNAS,0.9987649321556091,100,4.0,SELL
1749057540000000000,AAPL,XNAS,0.9987397193908691,100,20.0,UNKNOWN
1749057544000000000,AAPL,XNAS,0.9989413619041443,100,30.0,BUY
1749057579000000000,AAPL,XNAS,0.9989413619041443,100,202.0,BUY
1749057589000000000,AAPL,XNAS,0.998588502407074,100,1.0,SELL
1749057606000000000,AAPL,XNAS,0.9989765882492065,100,11.0,SELL
1749057632000000000,AAPL,XNAS,0.9999468922615051,100,521.0,SELL
1749057660000000000,AAPL,XNAS,0.9999488592147827,100,3.0,SELL
1749057669000000000,AAPL,XNAS,1.0,100,2.0,UNKNOWN
1749057673000000000,AAPL,XNAS,0.9995203614234924,100,284.0,SELL
1749057727000000000,AAPL,XNAS,0.9988231062889099,100,2.0,SELL
1749057729000000000,AAPL,XNAS,0.9993348121643066,100,1.0,SELL
1749057746000000000,AAPL,XNAS,0.9992324709892273,100,11.0,SELL
1749057800000000000,AAPL,XNAS,0.9996418356895447,100,1.0,SELL
1749057840000000000,AAPL,XNAS,1.0001987218856812,100,286.0,BUY
1749057857000000000,AAPL,XNAS,0.999967634677887,100,256.0,BUY
1749057909000000000,AAPL,XNAS,0.999692976474762,100,2.0,BUY
1749057922000000000,AAPL,XNAS,0.9992284774780273,100,306.0,BUY
1749057931000000000,AAPL,XNAS,0.9992836117744446,100,1.0,BUY
1749057996000000000,AAPL,XNAS,0.9993859529495239,100,6.0,BUY
1749058008000000000,AAPL,XNAS,0.999130129814148,100,1.0,SELL
1749058029000000000,AAPL,XNAS,0.9993348121643066,100,1.0,BUY
1749058076000000000,AAPL,XNAS,0.9993441104888916,100,22.0,SELL
1749058092000000000,AAPL,XNAS,0.99968022108078,100,4.0,BUY
1749058121000000000,AAPL,XNAS,0.9993507862091064,100,237.0,SELL
1749058122000000000,AAPL,XNAS,0.9990624785423279,100,180.0,SELL
1749058127000000000,AAPL,XNAS,0.9987719655036926,100,1.0,SELL
1749058141000000000,AAPL,XNAS,0.9986381530761719,100,306.0,BUY
1749058174000000000,AAPL,XNAS,0.9986184239387512,100,1.0,SELL
1749058229000000000,AAPL,XNAS,0.9985108971595764,100,105.0,SELL
1749058231000000000,AAPL,XNAS,0.9983634352684021,100,2.0,SELL
1749058256000000000,AAPL,XNAS,0.9982331395149231,100,6.0,SELL
1749058257000000000,AAPL,XNAS,0.9980702996253967,100,1.0,SELL
1749058258000000000,AAPL,XNAS,0.9979726076126099,100,1.0,SELL
1749058259000000000,AAPL,XNAS,0.9978504776954651,100,2.0,BUY
1749058263000000000,AAPL,XNAS,0.998009204864502,100,12.0,BUY
1749058265000000000,AAPL,XNAS,0.9980214238166809,100,11.0,SELL
1749058268000000000,AAPL,XNAS,0.9979726076126099,100,1.0,SELL
1749058283000000000,AAPL,XNAS,0.9975941777229309,100,134.0,SELL
1749058294000000000,AAPL,XNAS,0.9974840879440308,100,1.0,SELL
1749058297000000000,AAPL,XNAS,0.9974352121353149,100,2.0,SELL
1749058299000000000,AAPL,XNAS,0.9973863363265991,100,1.0,SELL
1749058325000000000,AAPL,XNAS,0.997289776802063,100,44.0,SELL
1749058332000000000,AAPL,XNAS,0.9972397685050964,100,1.0,SELL
1749058333000000000,AAPL,XNAS,0.9971909523010254,100,1.0,SELL
1749058336000000000,AAPL,XNAS,0.9971420764923096,100,1.0,SELL
1749058337000000000,AAPL,XNAS,0.9970932602882385,100,1.0,SELL
1749058341000000000,AAPL,XNAS,0.9970077276229858,100,4.0,SELL
1749058351000000000,AAPL,XNAS,0.9968489408493042,100,1.0,SELL
1749058415000000000,AAPL,XNAS,0.9972397685050964,100,2.0,BUY
1749058416000000000,AAPL,XNAS,0.99689781665802,100,1.0,SELL
1749058418000000000,AAPL,XNAS,0.9968001246452332,100,21.0,SELL
1749058419000000000,AAPL,XNAS,0.9967512488365173,100,1.0,SELL
1749058420000000000,AAPL,XNAS,0.9971420764923096,100,20.0,BUY
1749058430000000000,AAPL,XNAS,0.9966535568237305,100,3.0,SELL
1749058435000000000,AAPL,XNAS,0.9969993233680725,100,515.0,BUY
1749058439000000000,AAPL,XNAS,0.9970443844795227,100,21.0,UNKNOWN
1749058443000000000,AAPL,XNAS,0.996801495552063,100,70.0,SELL
1749058446000000000,AAPL,XNAS,0.9974279403686523,100,505.0,SELL
1749058472000000000,AAPL,XNAS,0.9972886443138123,100,8.0,SELL
1749058489000000000,AAPL,XNAS,0.9970443844795227,100,294.0,SELL
1749058496000000000,AAPL,XNAS,0.9976305961608887,100,96.0,SELL
1749058524000000000,AAPL,XNAS,0.9971930384635925,100,23.0,BUY
1749058538000000000,AAPL,XNAS,0.9973375201225281,100,1.0,SELL
1749058563000000000,AAPL,XNAS,0.9977771639823914,100,20.0,BUY
1749058564000000000,AAPL,XNAS,0.997874915599823,100,1.0,BUY
1749058587000000000,AAPL,XNAS,0.9973863363265991,100,90.0,SELL
1749058594000000000,AAPL,XNAS,0.9974352121353149,100,1.0,BUY
1749058601000000000,AAPL,XNAS,0.9976794719696045,100,49.0,BUY
1749058651000000000,AAPL,XNAS,0.9979726076126099,100,1.0,BUY
1749058657000000000,AAPL,XNAS,0.9980214238166809,100,2.0,BUY
1749058659000000000,AAPL,XNAS,0.9980520009994507,100,24.0,BUY
1749058670000000000,AAPL,XNAS,0.997923731803894,100,5.0,SELL
1749058677000000000,AAPL,XNAS,0.9982168674468994,100,5.0,BUY
1749058689000000000,AAPL,XNAS,0.9982218742370605,100,254.0,BUY
1749058696000000000,AAPL,XNAS,0.9985828399658203,100,59.0,BUY
1749058714000000000,AAPL,XNAS,0.9987053871154785,100,50.0,BUY
1749058723000000000,AAPL,XNAS,0.9987542629241943,100,1.0,BUY
1749058730000000000,AAPL,XNAS,0.99833083152771,100,6.0,SELL
1749058742000000000,AAPL,XNAS,0.9983145594596863,100,4.0,SELL
1749058743000000000,AAPL,XNAS,0.9981595277786255,100,237.0,SELL
1749058753000000000,AAPL,XNAS,0.9985588192939758,100,90.0,SELL
1749058756000000000,AAPL,XNAS,0.9988519549369812,100,90.0,BUY
1749058757000000000,AAPL,XNAS,0.998900830745697,100,173.0,BUY
1749058773000000000,AAPL,XNAS,0.9991939067840576,100,5.0,UNKNOWN
1749058791000000000,AAPL,XNAS,0.9993404746055603,100,25.0,SELL
1749058814000000000,AAPL,XNAS,0.9980325102806091,100,681.0,SELL
1749058834000000000,AAPL,XNAS,0.9983025193214417,100,266.0,SELL
1749058836000000000,AAPL,XNAS,0.9978225827217102,100,221.0,BUY
1749058848000000000,AAPL,XNAS,0.996787965297699,100,248.0,BUY
1749058873000000000,AAPL,XNAS,0.9966867566108704,100,321.0,SELL
1749058874000000000,AAPL,XNAS,0.9968485236167908,100,42.0,SELL
1749058883000000000,AAPL,XNAS,0.9966204166412354,100,101.0,BUY
1749058889000000000,AAPL,XNAS,0.9967339038848877,100,1.0,BUY
1749058892000000000,AAPL,XNAS,0.9969058036804199,100,11.0,BUY
1749058904000000000,AAPL,XNAS,0.9960321187973022,100,218.0,BUY
1749058906000000000,AAPL,XNAS,0.9951868057250977,100,27.0,BUY
1749058932000000000,AAPL,XNAS,0.9940069913864136,99,451.0,BUY
1749058941000000000,AAPL,XNAS,0.9924936890602112,99,19.0,BUY
1749058964000000000,AAPL,XNAS,0.9930639266967773,99,270.0,BUY
1749058982000000000,AAPL,XNAS,0.992436408996582,99,1.0,BUY
1749058984000000000,AAPL,XNAS,0.9916585683822632,99,334.0,BUY
1749058998000000000,AAPL,XNAS,0.9909972548484802,99,173.0,BUY
1749059000000000000,AAPL,XNAS,0.9914050102233887,99,187.0,BUY
1749059008000000000,AAPL,XNAS,0.9897660613059998,99,166.0,BUY
1749059009000000000,AAPL,XNAS,0.9882696270942688,99,288.0,BUY
1749059067000000000,AAPL,XNAS,0.988751232624054,99,424.0,SELL
1749059071000000000,AAPL,XNAS,0.9879670143127441,99,100.0,SELL
1749059072000000000,AAPL,XNAS,0.9881389141082764,99,1.0,SELL
1749059073000000000,AAPL,XNAS,0.9876232147216797,99,200.0,SELL
1749059075000000000,AAPL,XNAS,0.9871846437454224,99,286.0,BUY
1749059087000000000,AAPL,XNAS,0.9869928956031799,99,20.0,BUY
1749059098000000000,AAPL,XNAS,0.9873366951942444,99,1.0,BUY
1749059101000000000,AAPL,XNAS,0.9882715940475464,99,593.0,SELL
1749059103000000000,AAPL,XNAS,0.989284873008728,99,25.0,SELL
1749059111000000000,AAPL,XNAS,0.9879670143127441,99,100.0,SELL
1749059112000000000,AAPL,XNAS,0.9878201484680176,99,423.0,BUY
1749059126000000000,AAPL,XNAS,0.9879670143127441,99,1.0,BUY
1749059127000000000,AAPL,XNAS,0.9879670143127441,99,3.0,BUY
1749059143000000000,AAPL,XNAS,0.9885458946228027,99,39.0,SELL
1749059184000000000,AAPL,XNAS,0.98853999376297,99,269.0,BUY
1749059206000000000,AAPL,XNAS,0.9879956245422363,99,2.0,SELL
1749059209000000000,AAPL,XNAS,0.9884827136993408,99,1.0,BUY
1749059218000000000,AAPL,XNAS,0.9885215759277344,99,436.0,BUY
1749059250000000000,AAPL,XNAS,0.9884441494941711,99,602.0,BUY
1749059260000000000,AAPL,XNAS,0.9881961941719055,99,300.0,SELL
1749059267000000000,AAPL,XNAS,0.9894903898239136,99,464.0,SELL
1749059289000000000,AAPL,XNAS,0.9890556931495667,99,1.0,BUY
1749059294000000000,AAPL,XNAS,0.9884827136993408,99,168.0,BUY
1749059300000000000,AAPL,XNAS,0.9879096746444702,99,1.0,BUY
1749059306000000000,AAPL,XNAS,0.9880371689796448,99,276.0,SELL
1749059321000000000,AAPL,XNAS,0.9880260825157166,99,258.0,BUY
1749059327000000000,AAPL,XNAS,0.9880815744400024,99,1.0,BUY
1749059329000000000,AAPL,XNAS,0.988486111164093,99,101.0,SELL
1749059331000000000,AAPL,XNAS,0.9893838167190552,99,278.0,SELL
1749059336000000000,AAPL,XNAS,0.9902876615524292,99,134.0,SELL
1749059359000000000,AAPL,XNAS,0.9911757707595825,99,140.0,UNKNOWN
1749059390000000000,AAPL,XNAS,0.9913476705551147,99,67.0,BUY
1749059392000000000,AAPL,XNAS,0.9911184906959534,99,1.0,SELL
1749059442000000000,AAPL,XNAS,1.0001147985458374,100,3.0,BUY
1749059454000000000,AAPL,XNAS,1.0003868341445923,100,15.0,BUY
1749059474000000000,AAPL,XNAS,1.0007376670837402,100,1.0,BUY
1749059482000000000,AAPL,XNAS,1.0007946491241455,100,25.0,BUY
1749059496000000000,AAPL,XNAS,1.000491738319397,100,1.0,BUY
1749059555000000000,AAPL,XNAS,1.000491738319397,100,1.0,BUY
1749059559000000000,AAPL,XNAS,1.000491738319397,100,1.0,BUY
1749059561000000000,AAPL,XNAS,1.0008851289749146,100,5.0,BUY
1749059617000000000,AAPL,XNAS,1.0007376670837402,100,1.0,BUY
1749059626000000000,AAPL,XNAS,1.000934362411499,100,1.0,BUY
1749059634000000000,AAPL,XNAS,1.0010892152786255,100,20.0,BUY
1749059715000000000,AAPL,XNAS,1.0010327100753784,100,1.0,BUY
1749059724000000000,AAPL,XNAS,1.0012785196304321,100,37.0,BUY
1749059736000000000,AAPL,XNAS,1.0012294054031372,100,1.0,BUY
1749059783000000000,AAPL,XNAS,1.0010744333267212,100,166.0,SELL
1749059793000000000,AAPL,XNAS,1.001426100730896,100,3.0,BUY
1749059796000000000,AAPL,XNAS,1.0011310577392578,100,58.0,SELL
1749059863000000000,AAPL,XNAS,1.0009957551956177,100,8.0,SELL
1749059888000000000,AAPL,XNAS,1.0015010833740234,100,234.0,BUY
1749059889000000000,AAPL,XNAS,1.0015740394592285,100,102.0,BUY
1749059964000000000,AAPL,XNAS,1.0017175674438477,100,332.0,BUY
1749059965000000000,AAPL,XNAS,1.001938819885254,100,7.0,BUY
1749059966000000000,AAPL,XNAS,1.0020161867141724,100,2.0,BUY
1749059987000000000,AAPL,XNAS,1.0021473169326782,100,6.0,BUY
1749059988000000000,AAPL,XNAS,1.0023112297058105,100,2.0,BUY
1749060000000000000,AAPL,XNAS,0.9983459711074829,100,1.0,SELL
1749060002000000000,AAPL,XNAS,0.9981978535652161,100,9.0,SELL
1749060036000000000,AAPL,XNAS,0.9980003237724304,100,3.0,SELL
1749060050000000000,AAPL,XNAS,0.9982472062110901,100,35.0,SELL
1749060060000000000,AAPL,XNAS,0.9976547360420227,100,2.0,SELL
1749060078000000000,AAPL,XNAS,0.9976547360420227,100,9.0,SELL
1749060080000000000,AAPL,XNAS,0.9976053237915039,100,106.0,SELL
1749060088000000000,AAPL,XNAS,0.9978028535842896,100,13.0,SELL
1749060089000000000,AAPL,XNAS,0.9976053237915039,100,4.0,SELL
1749060093000000000,AAPL,XNAS,0.9978028535842896,100,1.0,SELL
1749060100000000000,AAPL,XNAS,0.9979016184806824,100,3.0,SELL
1749060103000000000,AAPL,XNAS,0.9976053237915039,100,1.0,SELL
1749060110000000000,AAPL,XNAS,0.9979016184806824,100,51.0,BUY
1749060114000000000,AAPL,XNAS,0.9976053237915039,100,12.0,SELL
1749060127000000000,AAPL,XNAS,0.997407853603363,100,1.0,SELL
1749060132000000000,AAPL,XNAS,0.9982499480247498,100,376.0,SELL
1749060135000000000,AAPL,XNAS,0.9981484413146973,100,208.0,BUY
1749060163000000000,AAPL,XNAS,0.9982472062110901,100,2.0,SELL
1749060190000000000,AAPL,XNAS,0.9986929893493652,100,215.0,BUY
1749060194000000000,AAPL,XNAS,0.9988397359848022,100,1.0,BUY
1749060197000000000,AAPL,XNAS,0.9989878535270691,100,10.0,BUY
1749060203000000000,AAPL,XNAS,0.9991934299468994,100,110.0,BUY
1749060204000000000,AAPL,XNAS,0.9990865588188171,100,1.0,SELL
1749060228000000000,AAPL,XNAS,0.99918532371521,100,21.0,BUY
1749060233000000000,AAPL,XNAS,0.9988397359848022,100,3.0,SELL
1749060247000000000,AAPL,XNAS,0.9988890886306763,100,8.0,SELL
1749060265000000000,AAPL,XNAS,0.9988150000572205,100,204.0,BUY
1749060273000000000,AAPL,XNAS,0.9988890886306763,100,2.0,SELL
1749060276000000000,AAPL,XNAS,0.9990865588188171,100,1.0,BUY
1749060313000000000,AAPL,XNAS,0.9995713233947754,100,11.0,BUY
1749060339000000000,AAPL,XNAS,0.9996296763420105,100,1.0,BUY
1749060346000000000,AAPL,XNAS,0.9991069436073303,100,218.0,BUY
1749060347000000000,AAPL,XNAS,0.9989878535270691,100,3.0,BUY
1749060349000000000,AAPL,XNAS,0.9984940886497498,100,2.0,SELL
1749060351000000000,AAPL,XNAS,0.9989384412765503,100,101.0,BUY
1749060358000000000,AAPL,XNAS,0.9992840886116028,100,1.0,BUY
1749060382000000000,AAPL,XNAS,0.9983953237533569,100,1.0,SELL
1749060403000000000,AAPL,XNAS,0.9989878535270691,100,1.0,SELL
1749060411000000000,AAPL,XNAS,0.9987409710884094,100,90.0,SELL
1749060418000000000,AAPL,XNAS,0.9989878535270691,100,1.0,SELL
1749060430000000000,AAPL,XNAS,0.9995309710502625,100,90.0,BUY
1749060436000000000,AAPL,XNAS,0.9993827939033508,100,2.0,SELL
1749060449000000000,AAPL,XNAS,0.9994815587997437,100,2.0,BUY
1749060454000000000,AAPL,XNAS,0.9989384412765503,100,289.0,BUY
1749060455000000000,AAPL,XNAS,0.9988397359848022,100,3.0,SELL
1749060487000000000,AAPL,XNAS,0.9997226595878601,100,51.0,BUY
1749060488000000000,AAPL,XNAS,1.0000137090682983,100,135.0,BUY
1749060489000000000,AAPL,XNAS,1.0002715587615967,100,25.0,BUY
1749060494000000000,AAPL,XNAS,1.0003702640533447,100,12.0,BUY
1749060498000000000,AAPL,XNAS,1.000407338142395,100,24.0,BUY
1749060552000000000,AAPL,XNAS,1.000715970993042,100,37.0,UNKNOWN
1749060559000000000,AAPL,XNAS,1.0009628534317017,100,15.0,SELL
1749060564000000000,AAPL,XNAS,1.000765323638916,100,2.0,SELL
1749060569000000000,AAPL,XNAS,1.000715970993042,100,20.0,SELL
1749060575000000000,AAPL,XNAS,1.0004690885543823,100,103.0,BUY
1749060588000000000,AAPL,XNAS,0.9997284412384033,100,100.0,BUY
1749060590000000000,AAPL,XNAS,0.9993827939033508,100,1.0,SELL
1749060591000000000,AAPL,XNAS,0.9993827939033508,100,1.0,SELL
1749060596000000000,AAPL,XNAS,0.9995803236961365,100,2.0,SELL
1749060601000000000,AAPL,XNAS,0.9998025894165039,100,22.0,BUY
1749060625000000000,AAPL,XNAS,0.9996535181999207,100,2.0,BUY
1749060661000000000,AAPL,XNAS,0.9997459053993225,100,20.0,BUY
1749060668000000000,AAPL,XNAS,0.9997920989990234,100,10.0,BUY
1749060677000000000,AAPL,XNAS,0.9994701147079468,100,102.0,BUY
1749060737000000000,AAPL,XNAS,0.9993763566017151,100,1.0,BUY
1749060745000000000,AAPL,XNAS,0.9993301630020142,100,1.0,BUY
1749060749000000000,AAPL,XNAS,0.9991268515586853,100,20.0,SELL
1749060755000000000,AAPL,XNAS,0.9993763566017151,100,3.0,BUY
1749060764000000000,AAPL,XNAS,0.9992377758026123,100,4.0,SELL
1749060774000000000,AAPL,XNAS,0.9990529417991638,100,1.0,SELL
1749060789000000000,AAPL,XNAS,0.9992839694023132,100,22.0,BUY
1749060805000000000,AAPL,XNAS,0.9993532299995422,100,12.0,BUY
1749060838000000000,AAPL,XNAS,0.9991453289985657,100,101.0,SELL
1749060839000000000,AAPL,XNAS,0.9990067481994629,100,100.0,BUY
1749060865000000000,AAPL,XNAS,0.9988681674003601,100,1.0,UNKNOWN
1749060924000000000,AAPL,XNAS,0.9988219738006592,100,1.0,BUY
1749060944000000000,AAPL,XNAS,0.9987757802009583,100,1.0,BUY
1749060948000000000,AAPL,XNAS,0.9984986186027527,100,3.0,SELL
1749060961000000000,AAPL,XNAS,0.9982675909996033,100,2.0,SELL
1749060962000000000,AAPL,XNAS,0.9982213973999023,100,1.0,SELL
1749060985000000000,AAPL,XNAS,0.9982675909996033,100,1.0,SELL
1749061044000000000,AAPL,XNAS,0.9984062314033508,100,1.0,BUY
1749061048000000000,AAPL,XNAS,0.9982675909996033,100,100.0,SELL
1749061049000000000,AAPL,XNAS,0.9977866411209106,100,153.0,BUY
1749061077000000000,AAPL,XNAS,0.9982317090034485,100,81.0,SELL
1749061098000000000,AAPL,XNAS,0.998313844203949,100,9.0,SELL
1749061099000000000,AAPL,XNAS,0.9987295866012573,100,123.0,BUY
1749061169000000000,AAPL,XNAS,0.9985448122024536,100,1.0,SELL
1749061194000000000,AAPL,XNAS,0.9984986186027527,100,1.0,SELL
1749061236000000000,AAPL,XNAS,1.0006792545318604,100,301.0,BUY
1749061293000000000,AAPL,XNAS,1.0000720024108887,100,95.0,SELL
1749061353000000000,AAPL,XNAS,0.9999279379844666,100,1.0,SELL
1749061356000000000,AAPL,XNAS,1.0003122091293335,100,68.0,SELL
1749061373000000000,AAPL,XNAS,1.0005524158477783,100,1.0,SELL
1749061379000000000,AAPL,XNAS,1.00093674659729,100,1.0,BUY
1749061403000000000,AAPL,XNAS,1.000984787940979,100,1.0,SELL
1749061427000000000,AAPL,XNAS,1.001128911972046,100,3.0,SELL
1749061449000000000,AAPL,XNAS,1.0013689994812012,100,1.0,BUY
1749061464000000000,AAPL,XNAS,1.001128911972046,100,200.0,BUY
1749061475000000000,AAPL,XNAS,1.0007445812225342,100,2.0,SELL
1749061529000000000,AAPL,XNAS,1.0006484985351562,100,192.0,BUY
1749061535000000000,AAPL,XNAS,1.00093674659729,100,28.0,SELL
1749061581000000000,AAPL,XNAS,1.001032829284668,100,3.0,BUY
1749061602000000000,AAPL,XNAS,1.000984787940979,100,2.0,SELL
1749061667000000000,AAPL,XNAS,1.00093674659729,100,2.0,BUY
1749061672000000000,AAPL,XNAS,1.0012248754501343,100,54.0,SELL
1749061675000000000,AAPL,XNAS,1.001080870628357,100,145.0,SELL
1749061676000000000,AAPL,XNAS,1.0013209581375122,100,2.0,SELL
1749061680000000000,AAPL,XNAS,1.001561164855957,100,100.0,SELL
1749061703000000000,AAPL,XNAS,1.0019729137420654,100,14.0,BUY
1749061711000000000,AAPL,XNAS,1.0022817850112915,100,1.0,SELL
1749061714000000000,AAPL,XNAS,1.0026179552078247,100,3.0,SELL
1749061746000000000,AAPL,XNAS,1.002404808998108,100,529.0,BUY
1749061794000000000,AAPL,XNAS,1.001561164855957,100,2.0,SELL
1749061800000000000,AAPL,XNAS,1.0004303455352783,100,225.0,SELL
1749061801000000000,AAPL,XNAS,1.0004699230194092,100,18.0,BUY
1749061805000000000,AAPL,XNAS,1.0005557537078857,100,7.0,BUY
1749061850000000000,AAPL,XNAS,1.0003840923309326,100,450.0,BUY
1749061853000000000,AAPL,XNAS,1.0002174377441406,100,2.0,SELL
1749061900000000000,AAPL,XNAS,1.000362515449524,100,1.0,BUY
1749061906000000000,AAPL,XNAS,1.0001221895217896,100,106.0,BUY
1749061914000000000,AAPL,XNAS,0.9999275207519531,100,1.0,UNKNOWN
1749061941000000000,AAPL,XNAS,0.999975860118866,100,1.0,BUY
1749061947000000000,AAPL,XNAS,1.0001907348632812,100,134.0,BUY
1749061948000000000,AAPL,XNAS,1.0001208782196045,100,6.0,BUY
1749061958000000000,AAPL,XNAS,1.0003069639205933,100,108.0,BUY
1749061967000000000,AAPL,XNAS,1.0000063180923462,100,114.0,BUY
1749061974000000000,AAPL,XNAS,0.9998791813850403,100,100.0,SELL
1749061977000000000,AAPL,XNAS,0.9998289942741394,100,289.0,BUY
1749062036000000000,AAPL,XNAS,0.9997341632843018,100,1.0,SELL
1749062042000000000,AAPL,XNAS,0.9997341632843018,100,1.0,SELL
1749062044000000000,AAPL,XNAS,0.9996375441551208,100,4.0,SELL
1749062047000000000,AAPL,XNAS,0.9995779991149902,100,121.0,BUY
1749062077000000000,AAPL,XNAS,0.9993959069252014,100,1.0,BUY
1749062079000000000,AAPL,XNAS,0.9994441866874695,100,1.0,SELL
1749062085000000000,AAPL,XNAS,0.9996550679206848,100,314.0,BUY
1749062119000000000,AAPL,XNAS,0.9998308420181274,100,190.0,BUY
1749062144000000000,AAPL,XNAS,0.9998630881309509,100,3.0,BUY
1749062148000000000,AAPL,XNAS,0.999589204788208,100,1.0,UNKNOWN
1749062168000000000,AAPL,XNAS,0.9996858835220337,100,2.0,SELL
1749062184000000000,AAPL,XNAS,0.9997825026512146,100,1.0,BUY
1749062203000000000,AAPL,XNAS,0.9997825026512146,100,1.0,BUY
1749062213000000000,AAPL,XNAS,0.999589204788208,100,3.0,BUY
1749062255000000000,AAPL,XNAS,0.9999275207519531,100,1.0,BUY
1749062256000000000,AAPL,XNAS,0.999602735042572,100,321.0,BUY
1749062258000000000,AAPL,XNAS,0.9995408654212952,100,1.0,BUY
1749062264000000000,AAPL,XNAS,0.9996375441551208,100,90.0,BUY
1749062274000000000,AAPL,XNAS,0.9996858835220337,100,1.0,BUY
1749062275000000000,AAPL,XNAS,0.9997825026512146,100,1.0,BUY
1749062298000000000,AAPL,XNAS,0.9998308420181274,100,1.0,BUY
1749062312000000000,AAPL,XNAS,0.9996858835220337,100,2.0,SELL
1749062334000000000,AAPL,XNAS,0.9998308420181274,100,2.0,SELL
1749062346000000000,AAPL,XNAS,1.0000954866409302,100,344.0,SELL
1749062347000000000,AAPL,XNAS,1.0000241994857788,100,30.0,SELL
1749062358000000000,AAPL,XNAS,1.000327467918396,100,148.0,SELL
1749062362000000000,AAPL,XNAS,1.000410795211792,100,100.0,BUY
1749062374000000000,AAPL,XNAS,1.0003141164779663,100,301.0,BUY
1749062377000000000,AAPL,XNAS,1.0001929998397827,100,203.0,BUY
1749062385000000000,AAPL,XNAS,1.0001355409622192,100,138.0,BUY
1749062390000000000,AAPL,XNAS,0.9998791813850403,100,3.0,SELL
1749062394000000000,AAPL,XNAS,1.0001691579818726,100,2.0,SELL
1749062406000000000,AAPL,XNAS,1.0005663633346558,100,165.0,BUY
1749062431000000000,AAPL,XNAS,1.0004247426986694,100,12.0,BUY
1749062474000000000,AAPL,XNAS,1.0001425743103027,100,363.0,SELL
1749062478000000000,AAPL,XNAS,1.0004719495773315,100,100.0,SELL
1749062483000000000,AAPL,XNAS,1.0007847547531128,100,35.0,BUY
1749062484000000000,AAPL,XNAS,1.0009045600891113,100,6.0,BUY
1749062486000000000,AAPL,XNAS,1.001024842262268,100,7.0,BUY
1749062494000000000,AAPL,XNAS,1.0011346340179443,100,191.0,SELL
1749062511000000000,AAPL,XNAS,1.0013853311538696,100,17.0,SELL
1749062516000000000,AAPL,XNAS,1.0013214349746704,100,1.0,BUY
1749062660000000000,AAPL,XNAS,1.0010337829589844,100,117.0,SELL
1749062675000000000,AAPL,XNAS,1.000896692276001,100,90.0,SELL
1749062676000000000,AAPL,XNAS,1.000841498374939,100,124.0,SELL
1749062687000000000,AAPL,XNAS,1.0010855197906494,100,20.0,BUY
1749062723000000000,AAPL,XNAS,1.0008494853973389,100,10.0,SELL
1749062728000000000,AAPL,XNAS,1.000709056854248,100,208.0,BUY
1749062730000000000,AAPL,XNAS,1.0007344484329224,100,192.0,SELL
1749062746000000000,AAPL,XNAS,1.0010265111923218,100,4.0,SELL
1749062961000000000,AAPL,XNAS,1.0010855197906494,100,100.0,BUY
1749062983000000000,AAPL,XNAS,1.001179814338684,100,1.0,BUY
1749063004000000000,AAPL,XNAS,0.9983421564102173,100,2.0,SELL
1749063011000000000,AAPL,XNAS,0.9983421564102173,100,99.0,BUY
1749063067000000000,AAPL,XNAS,0.998565673828125,100,338.0,BUY
1749063068000000000,AAPL,XNAS,0.9986305236816406,100,4.0,BUY
1749063069000000000,AAPL,XNAS,0.9988364577293396,100,35.0,BUY
1749063077000000000,AAPL,XNAS,0.9983157515525818,100,200.0,BUY
1749063134000000000,AAPL,XNAS,0.9985824227333069,100,4.0,BUY
1749063173000000000,AAPL,XNAS,0.9985343813896179,100,4.0,BUY
1749063218000000000,AAPL,XNAS,0.9987746477127075,100,165.0,SELL
1749063248000000000,AAPL,XNAS,0.999110996723175,100,14.0,BUY
1749063256000000000,AAPL,XNAS,0.9988707900047302,100,4.0,SELL
1749063299000000000,AAPL,XNAS,0.9985824227333069,100,4.0,BUY
1749063336000000000,AAPL,XNAS,0.9980965852737427,100,36.0,SELL
1749063358000000000,AAPL,XNAS,0.9974772334098816,100,29.0,SELL
1749063404000000000,AAPL,XNAS,0.9974291920661926,100,25.0,BUY
1749063415000000000,AAPL,XNAS,0.9973811507225037,100,3.0,BUY
1749063429000000000,AAPL,XNAS,0.9973811507225037,100,1.0,SELL
1749063563000000000,AAPL,XNAS,0.9981579780578613,100,6.0,BUY
1749063594000000000,AAPL,XNAS,0.9979577660560608,100,4.0,SELL
1749063611000000000,AAPL,XNAS,0.9990061521530151,100,201.0,SELL
1749063623000000000,AAPL,XNAS,1.0002796649932861,100,202.0,BUY
1749063627000000000,AAPL,XNAS,1.0009095668792725,100,110.0,SELL
1749063628000000000,AAPL,XNAS,1.0020430088043213,100,10.0,BUY
1749063698000000000,AAPL,XNAS,1.0026503801345825,100,3.0,BUY
1749063710000000000,AAPL,XNAS,1.003114104270935,100,5.0,BUY
1749063711000000000,AAPL,XNAS,1.0033129453659058,100,1.0,BUY
1749063722000000000,AAPL,XNAS,1.0035337209701538,100,2.0,BUY
1749063764000000000,AAPL,XNAS,1.0028711557388306,100,1.0,SELL
1749063797000000000,AAPL,XNAS,1.0022637844085693,100,47.0,SELL
1749063812000000000,AAPL,XNAS,1.0038834810256958,100,3.0,BUY
1749063813000000000,AAPL,XNAS,1.0041779279708862,100,3.0,BUY
1749063814000000000,AAPL,XNAS,1.0044448375701904,100,4.0,BUY
1749063827000000000,AAPL,XNAS,1.0035337209701538,100,200.0,BUY
1749063833000000000,AAPL,XNAS,1.0033681392669678,100,1.0,BUY
1749063911000000000,AAPL,XNAS,1.0038098096847534,100,1.0,BUY
1749063912000000000,AAPL,XNAS,1.0033129453659058,100,2.0,SELL
1749063945000000000,AAPL,XNAS,1.0045828819274902,100,1.0,BUY
1749063948000000000,AAPL,XNAS,1.0043436288833618,100,3.0,SELL
1749063955000000000,AAPL,XNAS,1.0041933059692383,100,201.0,BUY
1749063978000000000,AAPL,XNAS,1.0048904418945312,100,7.0,BUY
1749063980000000000,AAPL,XNAS,1.005458950996399,101,120.0,SELL
1749063983000000000,AAPL,XNAS,1.0054110288619995,101,94.0,BUY
1749063984000000000,AAPL,XNAS,1.0048589706420898,100,32.0,BUY
1749064068000000000,AAPL,XNAS,1.0048036575317383,100,2.0,SELL
1749064081000000000,AAPL,XNAS,1.005631923675537,101,128.0,BUY
1749064123000000000,AAPL,XNAS,1.0049141645431519,100,1.0,BUY
1749064152000000000,AAPL,XNAS,1.0049141645431519,100,300.0,BUY
1749064153000000000,AAPL,XNAS,1.003920316696167,100,100.0,SELL
1749064181000000000,AAPL,XNAS,1.0038349628448486,100,220.0,SELL
1749064200000000000,AAPL,XNAS,1.0013269186019897,100,1.0,BUY
1749064210000000000,AAPL,XNAS,1.0007219314575195,100,218.0,SELL
1749064211000000000,AAPL,XNAS,1.0004756450653076,100,21.0,BUY
1749064212000000000,AAPL,XNAS,1.0005757808685303,100,10.0,SELL
1749064224000000000,AAPL,XNAS,1.000675916671753,100,3.0,SELL
1749064236000000000,AAPL,XNAS,1.0005757808685303,100,43.0,SELL
1749064240000000000,AAPL,XNAS,1.000525712966919,100,260.0,UNKNOWN
1749064254000000000,AAPL,XNAS,1.000826120376587,100,62.0,BUY
1749064256000000000,AAPL,XNAS,1.000826120376587,100,133.0,BUY
1749064288000000000,AAPL,XNAS,1.0002548694610596,100,22.0,SELL
1749064289000000000,AAPL,XNAS,1.000225305557251,100,6.0,SELL
1749064306000000000,AAPL,XNAS,1.000228762626648,100,103.0,SELL
1749064331000000000,AAPL,XNAS,1.0003254413604736,100,5.0,SELL
1749064344000000000,AAPL,XNAS,1.000675916671753,100,1.0,BUY
1749064345000000000,AAPL,XNAS,1.0002753734588623,100,220.0,BUY
1749064347000000000,AAPL,XNAS,1.0002753734588623,100,2.0,BUY
1749064376000000000,AAPL,XNAS,0.999924898147583,100,1.0,SELL
1749064378000000000,AAPL,XNAS,0.9998748302459717,100,12.0,SELL
1749064385000000000,AAPL,XNAS,0.9998970627784729,100,9.0,SELL
1749064389000000000,AAPL,XNAS,1.000225305557251,100,345.0,SELL
1749064394000000000,AAPL,XNAS,1.000525712966919,100,9.0,BUY
1749064458000000000,AAPL,XNAS,1.0009318590164185,100,108.0,SELL
1749064491000000000,AAPL,XNAS,1.0006769895553589,100,324.0,SELL
1749064497000000000,AAPL,XNAS,1.0005757808685303,100,2.0,SELL
1749064525000000000,AAPL,XNAS,1.0004255771636963,100,2.0,SELL
1749064545000000000,AAPL,XNAS,1.0007963180541992,100,248.0,BUY
1749064552000000000,AAPL,XNAS,1.001076579093933,100,103.0,BUY
1749064556000000000,AAPL,XNAS,1.0011266469955444,100,1.0,UNKNOWN
1749064562000000000,AAPL,XNAS,1.0009269714355469,100,304.0,SELL
1749064569000000000,AAPL,XNAS,1.0008763074874878,100,4.0,SELL
1749064572000000000,AAPL,XNAS,1.0008763074874878,100,16.0,SELL
1749064584000000000,AAPL,XNAS,1.0010265111923218,100,2.0,BUY
1749064608000000000,AAPL,XNAS,1.0007259845733643,100,200.0,SELL
1749064610000000000,AAPL,XNAS,1.0010265111923218,100,205.0,BUY
1749064638000000000,AAPL,XNAS,1.0006446838378906,100,320.0,SELL
1749064651000000000,AAPL,XNAS,1.0007259845733643,100,2.0,BUY
1749064673000000000,AAPL,XNAS,1.0003712177276611,100,230.0,BUY
1749064679000000000,AAPL,XNAS,0.9999749660491943,100,200.0,SELL
1749064681000000000,AAPL,XNAS,0.999774694442749,100,29.0,SELL
1749064682000000000,AAPL,XNAS,0.9996745586395264,100,100.0,BUY
1749064691000000000,AAPL,XNAS,0.9996402859687805,100,427.0,BUY
1749064719000000000,AAPL,XNAS,1.0000250339508057,100,9.0,BUY
1749064720000000000,AAPL,XNAS,1.0002753734588623,100,6.0,BUY
1749064733000000000,AAPL,XNAS,1.0002753734588623,100,2.0,BUY
1749064735000000000,AAPL,XNAS,1.0003186464309692,100,103.0,BUY
1749064740000000000,AAPL,XNAS,1.000675082206726,100,304.0,SELL
1749064751000000000,AAPL,XNAS,1.0009764432907104,100,1.0,BUY
1749064754000000000,AAPL,XNAS,1.001076579093933,100,200.0,BUY
1749064761000000000,AAPL,XNAS,1.001376986503601,100,3.0,BUY
1749064783000000000,AAPL,XNAS,1.0014270544052124,100,88.0,BUY
1749064789000000000,AAPL,XNAS,1.0011767148971558,100,420.0,UNKNOWN
1749064797000000000,AAPL,XNAS,1.0014395713806152,100,4.0,SELL
1749064888000000000,AAPL,XNAS,1.0007610321044922,100,117.0,BUY
1749064894000000000,AAPL,XNAS,1.0007725954055786,100,113.0,SELL
1749064897000000000,AAPL,XNAS,1.0007174015045166,100,70.0,SELL
1749064900000000000,AAPL,XNAS,1.0013998746871948,100,101.0,BUY
1749064968000000000,AAPL,XNAS,1.000916600227356,100,407.0,SELL
1749065021000000000,AAPL,XNAS,1.0004346370697021,100,100.0,SELL
1749065047000000000,AAPL,XNAS,1.0,100,465.0,BUY
1749065135000000000,AAPL,XNAS,1.000322699546814,100,132.0,SELL
1749065274000000000,AAPL,XNAS,1.0003379583358765,100,12.0,SELL
1749065415000000000,AAPL,XNAS,1.00017249584198,100,3.0,SELL
1749065439000000000,AAPL,XNAS,1.0007787942886353,100,104.0,SELL
1749065455000000000,AAPL,XNAS,1.0011589527130127,100,101.0,BUY
1749065456000000000,AAPL,XNAS,1.0009119510650635,100,90.0,SELL
1749065474000000000,AAPL,XNAS,1.0009119510650635,100,1.0,SELL
1749065480000000000,AAPL,XNAS,1.0011584758758545,100,10.0,SELL
1749065490000000000,AAPL,XNAS,1.001478910446167,100,6.0,BUY
1749065491000000000,AAPL,XNAS,1.0016188621520996,100,300.0,BUY
1749065493000000000,AAPL,XNAS,1.001503586769104,100,1.0,BUY
1749065509000000000,AAPL,XNAS,1.001503586769104,100,1.0,BUY
1749065520000000000,AAPL,XNAS,1.0017499923706055,100,1.0,SELL
1749065531000000000,AAPL,XNAS,1.0019965171813965,100,16.0,SELL
1749065553000000000,AAPL,XNAS,1.001574993133545,100,318.0,BUY
1749065569000000000,AAPL,XNAS,1.0017499923706055,100,9.0,BUY
1749065589000000000,AAPL,XNAS,1.001897931098938,100,2.0,BUY
1749065608000000000,AAPL,XNAS,1.0017993450164795,100,1.0,BUY
1749065614000000000,AAPL,XNAS,1.001897931098938,100,12.0,BUY
1749065634000000000,AAPL,XNAS,1.0021073818206787,100,4.0,BUY
1749065643000000000,AAPL,XNAS,1.001700758934021,100,25.0,SELL
1749065673000000000,AAPL,XNAS,1.0017993450164795,100,25.0,BUY
1749065705000000000,AAPL,XNAS,1.0019965171813965,100,2.0,SELL
1749065738000000000,AAPL,XNAS,1.0015069246292114,100,413.0,SELL
1749065750000000000,AAPL,XNAS,1.001503586769104,100,1.0,SELL
1749065759000000000,AAPL,XNAS,1.001257061958313,100,1.0,SELL
1749065771000000000,AAPL,XNAS,1.0011584758758545,100,121.0,SELL
1749065772000000000,AAPL,XNAS,1.0009119510650635,100,18.0,BUY
1749065799000000000,AAPL,XNAS,1.0005176067352295,100,2.0,UNKNOWN
1749065818000000000,AAPL,XNAS,1.0007147789001465,100,1.0,UNKNOWN
1749065830000000000,AAPL,XNAS,1.000813364982605,100,1.0,UNKNOWN
1749065832000000000,AAPL,XNAS,1.000616192817688,100,90.0,SELL
1749065835000000000,AAPL,XNAS,1.001145362854004,100,135.0,SELL
1749065865000000000,AAPL,XNAS,1.0009613037109375,100,1.0,BUY
1749065879000000000,AAPL,XNAS,1.0007641315460205,100,1.0,BUY
1749065902000000000,AAPL,XNAS,1.000419020652771,100,100.0,BUY
1749065904000000000,AAPL,XNAS,1.0000739097595215,100,101.0,BUY
1749065924000000000,AAPL,XNAS,1.0003349781036377,100,312.0,SELL
1749065971000000000,AAPL,XNAS,1.000665545463562,100,107.0,SELL
1749066021000000000,AAPL,XNAS,1.0000277757644653,100,32.0,BUY
1749066052000000000,AAPL,XNAS,1.0005639791488647,100,1.0,BUY
1749066053000000000,AAPL,XNAS,1.001009225845337,100,2.0,BUY
1749066054000000000,AAPL,XNAS,1.001157522201538,100,1.0,BUY
1749066059000000000,AAPL,XNAS,1.0003858804702759,100,200.0,BUY
1749066062000000000,AAPL,XNAS,1.0007925033569336,100,207.0,BUY
1749066096000000000,AAPL,XNAS,1.0003858804702759,100,10.0,BUY
1749066100000000000,AAPL,XNAS,1.0004452466964722,100,100.0,BUY
1749066102000000000,AAPL,XNAS,1.0006827116012573,100,51.0,BUY
1749066106000000000,AAPL,XNAS,1.0013266801834106,100,172.0,BUY
1749066121000000000,AAPL,XNAS,1.001455545425415,100,157.0,SELL
1749066123000000000,AAPL,XNAS,1.0019292831420898,100,8.0,BUY
1749066127000000000,AAPL,XNAS,1.0021073818206787,100,1.0,BUY
1749066129000000000,AAPL,XNAS,1.0014543533325195,100,420.0,SELL
1749066136000000000,AAPL,XNAS,1.0008084774017334,100,693.0,BUY
1749066150000000000,AAPL,XNAS,1.001610279083252,100,8.0,BUY
1749066179000000000,AAPL,XNAS,1.0024042129516602,100,2.0,BUY
1749066180000000000,AAPL,XNAS,1.0036334991455078,100,106.0,BUY
1749066181000000000,AAPL,XNAS,1.003710150718689,100,13.0,BUY
1749066202000000000,AAPL,XNAS,1.0038882493972778,100,2.0,BUY
1749066215000000000,AAPL,XNAS,1.0025886297225952,100,404.0,BUY
1749066218000000000,AAPL,XNAS,1.0022261142730713,100,14.0,BUY
1749066260000000000,AAPL,XNAS,1.0032947063446045,100,200.0,BUY
1749066264000000000,AAPL,XNAS,1.0026713609695435,100,400.0,SELL
1749066278000000000,AAPL,XNAS,1.0016405582427979,100,22.0,SELL
1749066294000000000,AAPL,XNAS,1.0010100603103638,100,210.0,BUY
1749066310000000000,AAPL,XNAS,0.9999109506607056,100,1.0,SELL
1749066318000000000,AAPL,XNAS,1.0011775493621826,100,214.0,SELL
1749066320000000000,AAPL,XNAS,1.001157522201538,100,100.0,BUY
1749066366000000000,AAPL,XNAS,0.9993072152137756,100,106.0,SELL
1749066388000000000,AAPL,XNAS,0.9983674883842468,100,205.0,BUY
1749066390000000000,AAPL,XNAS,0.997417688369751,100,100.0,BUY
1749066394000000000,AAPL,XNAS,0.9980707168579102,100,65.0,BUY
1749066401000000000,AAPL,XNAS,0.998866617679596,100,314.0,BUY
1749066437000000000,AAPL,XNAS,0.9999129772186279,100,145.0,BUY
1749066438000000000,AAPL,XNAS,1.0003994703292847,100,291.0,SELL
1749066439000000000,AAPL,XNAS,1.001359462738037,100,5.0,BUY
1749066462000000000,AAPL,XNAS,0.9997901916503906,100,439.0,BUY
1749066465000000000,AAPL,XNAS,0.9988424181938171,100,30.0,BUY
1749066491000000000,AAPL,XNAS,0.9963491559028625,100,32.0,SELL
1749066524000000000,AAPL,XNAS,0.996645987033844,100,1.0,BUY
1749066545000000000,AAPL,XNAS,0.9974770545959473,100,151.0,SELL
1749066574000000000,AAPL,XNAS,0.9972395896911621,100,196.0,SELL
1749066582000000000,AAPL,XNAS,0.998410701751709,100,110.0,BUY
1749066623000000000,AAPL,XNAS,0.9998179078102112,100,367.0,SELL
1749066625000000000,AAPL,XNAS,1.000400424003601,100,651.0,SELL
1749066626000000000,AAPL,XNAS,1.0010303258895874,100,117.0,SELL
1749066715000000000,AAPL,XNAS,1.00138521194458,100,33.0,SELL
1749066875000000000,AAPL,XNAS,1.0020356178283691,100,6.0,UNKNOWN
1749066881000000000,AAPL,XNAS,1.002144694328308,100,71.0,SELL
1749066920000000000,AAPL,XNAS,1.002177119255066,100,215.0,SELL
1749066955000000000,AAPL,XNAS,1.0021864175796509,100,10.0,SELL
1749066978000000000,AAPL,XNAS,1.0024199485778809,100,678.0,SELL
1749066979000000000,AAPL,XNAS,1.0022869110107422,100,7.0,BUY
1749067117000000000,AAPL,XNAS,1.0021475553512573,100,383.0,BUY
1749067219000000000,AAPL,XNAS,1.0000990629196167,100,102.0,SELL
1749067245000000000,AAPL,XNAS,1.0001672506332397,100,203.0,SELL
1749067280000000000,AAPL,XNAS,1.000261902809143,100,131.0,SELL
1749067335000000000,AAPL,XNAS,1.0005441904067993,100,324.0,BUY
1749067336000000000,AAPL,XNAS,1.0003554821014404,100,318.0,BUY
1749067424000000000,AAPL,XNAS,1.0003000497817993,100,4.0,BUY
1749067425000000000,AAPL,XNAS,1.0004500150680542,100,3.0,BUY
1749067460000000000,AAPL,XNAS,1.000566840171814,100,339.0,SELL
1749067487000000000,AAPL,XNAS,1.0004428625106812,100,21.0,SELL
1749067511000000000,AAPL,XNAS,1.0003000497817993,100,117.0,SELL
1749067515000000000,AAPL,XNAS,1.0002000331878662,100,22.0,SELL
1749067560000000000,AAPL,XNAS,1.0007383823394775,100,398.0,BUY
1749067561000000000,AAPL,XNAS,1.0001468658447266,100,598.0,BUY
1749067573000000000,AAPL,XNAS,0.9997499585151672,100,5.0,SELL
1749067591000000000,AAPL,XNAS,1.000249981880188,100,2.0,BUY
1749067640000000000,AAPL,XNAS,0.9997499585151672,100,5.0,SELL
1749067661000000000,AAPL,XNAS,0.9997109174728394,100,228.0,SELL
1749067663000000000,AAPL,XNAS,0.9995999336242676,100,1.0,SELL
1749067666000000000,AAPL,XNAS,0.9995090365409851,100,11.0,SELL
1749067676000000000,AAPL,XNAS,0.9997499585151672,100,132.0,SELL
1749067733000000000,AAPL,XNAS,1.0,100,200.0,BUY
1749067740000000000,AAPL,XNAS,1.0,100,1.0,BUY
1749067752000000000,AAPL,XNAS,1.000100016593933,100,25.0,BUY
1749067760000000000,AAPL,XNAS,1.0002988576889038,100,222.0,BUY
1749067788000000000,AAPL,XNAS,0.9999828934669495,100,432.0,BUY
1749067806000000000,AAPL,XNAS,1.000617504119873,100,62.0,SELL
1749067842000000000,AAPL,XNAS,1.000617504119873,100,2.0,SELL
1749067907000000000,AAPL,XNAS,1.000617504119873,100,1.0,UNKNOWN
1749067925000000000,AAPL,XNAS,1.000190019607544,100,13.0,SELL
1749067933000000000,AAPL,XNAS,1.000095009803772,100,93.0,SELL
1749067934000000000,AAPL,XNAS,1.000095009803772,100,189.0,SELL
1749067936000000000,AAPL,XNAS,1.000522494316101,100,90.0,BUY
1749067963000000000,AAPL,XNAS,1.0007579326629639,100,157.0,SELL
1749067967000000000,AAPL,XNAS,1.0012568235397339,100,285.0,SELL
1749067981000000000,AAPL,XNAS,1.0017119646072388,100,102.0,SELL
1749068027000000000,AAPL,XNAS,1.0015617609024048,100,177.0,BUY
1749068035000000000,AAPL,XNAS,1.0011401176452637,100,259.0,SELL
1749068041000000000,AAPL,XNAS,1.0011875629425049,100,2.0,SELL
1749068068000000000,AAPL,XNAS,1.0017101764678955,100,90.0,SELL
1749068111000000000,AAPL,XNAS,1.0013686418533325,100,111.0,BUY
1749068131000000000,AAPL,XNAS,1.000617504119873,100,5.0,SELL
1749068138000000000,AAPL,XNAS,1.0005700588226318,100,5.0,SELL
1749068209000000000,AAPL,XNAS,1.000617504119873,100,20.0,SELL
1749068212000000000,AAPL,XNAS,1.000522494316101,100,1.0,SELL
1749068213000000000,AAPL,XNAS,1.000807523727417,100,2.0,SELL
1749068215000000000,AAPL,XNAS,1.000997543334961,100,1.0,BUY
1749068216000000000,AAPL,XNAS,1.0004750490188599,100,2.0,SELL
1749068294000000000,AAPL,XNAS,1.000817894935608,100,92.0,BUY
1749068296000000000,AAPL,XNAS,1.0008550882339478,100,8.0,BUY
1749068298000000000,AAPL,XNAS,1.0010451078414917,100,100.0,BUY
1749068381000000000,AAPL,XNAS,1.0015201568603516,100,1.0,BUY
1749068383000000000,AAPL,XNAS,1.0012825727462769,100,2.0,SELL
1749068431000000000,AAPL,XNAS,0.999398946762085,100,212.0,SELL
1749068473000000000,AAPL,XNAS,1.000878095626831,100,200.0,BUY
1749068478000000000,AAPL,XNAS,1.0006829500198364,100,8.0,BUY
1749068494000000000,AAPL,XNAS,1.0014147758483887,100,308.0,BUY
1749068501000000000,AAPL,XNAS,1.0014135837554932,100,121.0,SELL
1749068519000000000,AAPL,XNAS,1.0016294717788696,100,5.0,BUY
1749068523000000000,AAPL,XNAS,1.0011637210845947,100,314.0,BUY
1749068551000000000,AAPL,XNAS,1.0002412796020508,100,91.0,SELL
1749068552000000000,AAPL,XNAS,1.0007318258285522,100,100.0,SELL
1749068579000000000,AAPL,XNAS,1.0001951456069946,100,55.0,SELL
1749068620000000000,AAPL,XNAS,1.001023530960083,100,306.0,SELL
1749068675000000000,AAPL,XNAS,1.0018175840377808,100,140.0,BUY
1749068714000000000,AAPL,XNAS,1.0013171434402466,100,214.0,SELL
1749068751000000000,AAPL,XNAS,1.0011221170425415,100,1.0,BUY
1749068756000000000,AAPL,XNAS,1.0007318258285522,100,201.0,SELL
1749068794000000000,AAPL,XNAS,1.0014643669128418,100,305.0,SELL
1749068855000000000,AAPL,XNAS,1.0027650594711304,100,311.0,BUY
1749068856000000000,AAPL,XNAS,1.002439260482788,100,1.0,SELL
1749068857000000000,AAPL,XNAS,1.0028295516967773,100,23.0,BUY
1749068875000000000,AAPL,XNAS,1.0036736726760864,100,228.0,SELL
1749068889000000000,AAPL,XNAS,1.0041955709457397,100,100.0,BUY
1749068920000000000,AAPL,XNAS,1.003341794013977,100,400.0,BUY
1749068927000000000,AAPL,XNAS,1.0028783082962036,100,1.0,SELL
1749068939000000000,AAPL,XNAS,1.0026148557662964,100,5.0,SELL
1749068940000000000,AAPL,XNAS,1.0024067163467407,100,6.0,SELL
1749068963000000000,AAPL,XNAS,1.0024830102920532,100,49.0,BUY
1749068966000000000,AAPL,XNAS,1.002780795097351,100,100.0,BUY
1749068984000000000,AAPL,XNAS,1.003414511680603,100,101.0,SELL
