ts_ns,symbol,venue,price,price_ticks,size,aggressor_side
1749132010000000000,AAPL,XNAS,0.9992058873176575,100,2.0,SELL
1749132053000000000,AAPL,XNAS,0.9999145269393921,100,445.0,BUY
1749132054000000000,AAPL,XNAS,0.9999992847442627,100,65.0,SELL
1749132056000000000,AAPL,XNAS,1.00023353099823,100,1.0,BUY
1749132057000000000,AAPL,XNAS,1.0002110004425049,100,62.0,BUY
1749132060000000000,AAPL,XNAS,0.9998546838760376,100,225.0,BUY
1749132101000000000,AAPL,XNAS,0.9994394183158875,100,315.0,SELL
1749132106000000000,AAPL,XNAS,0.9991820454597473,100,143.0,BUY
1749132163000000000,AAPL,XNAS,0.9987321496009827,100,142.0,BUY
1749132238000000000,AAPL,XNAS,0.998738706111908,100,200.0,SELL
1749132301000000000,AAPL,XNAS,0.9994394183158875,100,101.0,SELL
1749132391000000000,AAPL,XNAS,0.9993898272514343,100,433.0,BUY
1749132434000000000,AAPL,XNAS,0.9984562993049622,100,44.0,BUY
1749132514000000000,AAPL,XNAS,0.9983672499656677,100,21.0,BUY
1749132647000000000,AAPL,XNAS,0.9960557818412781,100,1.0,BUY
1749132648000000000,AAPL,XNAS,0.9971402287483215,100,396.0,BUY
1749132679000000000,AAPL,XNAS,0.9979457259178162,100,600.0,BUY
1749132680000000000,AAPL,XNAS,0.9985702037811279,100,16.0,BUY
1749132706000000000,AAPL,XNAS,0.9991947412490845,100,300.0,SELL
1749132707000000000,AAPL,XNAS,0.999309778213501,100,1.0,BUY
1749132730000000000,AAPL,XNAS,1.0003002882003784,100,110.0,BUY
1749132732000000000,AAPL,XNAS,1.0003547668457031,100,112.0,SELL
1749132767000000000,AAPL,XNAS,1.001183271408081,100,1.0,BUY
1749132804000000000,AAPL,XNAS,0.9997041821479797,100,100.0,BUY
1749132843000000000,AAPL,XNAS,0.9987181425094604,100,100.0,BUY
1749132887000000000,AAPL,XNAS,0.9992604851722717,100,1.0,BUY
1749132955000000000,AAPL,XNAS,0.9970640540122986,100,202.0,BUY
1749132967000000000,AAPL,XNAS,0.9972883462905884,100,1.0,SELL
1749133007000000000,AAPL,XNAS,0.9967953562736511,100,6.0,BUY
1749133067000000000,AAPL,XNAS,0.9967953562736511,100,1.0,SELL
1749133076000000000,AAPL,XNAS,0.9979786276817322,100,100.0,BUY
1749133091000000000,AAPL,XNAS,0.9980279207229614,100,40.0,BUY
1749133103000000000,AAPL,XNAS,0.9982744455337524,100,28.0,BUY
1749133127000000000,AAPL,XNAS,0.9977813959121704,100,1.0,BUY
1749133170000000000,AAPL,XNAS,0.9971404671669006,100,100.0,BUY
1749133183000000000,AAPL,XNAS,0.9976828098297119,100,211.0,BUY
1749133185000000000,AAPL,XNAS,0.9976828098297119,100,131.0,BUY
1749133197000000000,AAPL,XNAS,0.998458981513977,100,82.0,BUY
1749133200000000000,AAPL,XNAS,1.0005239248275757,100,1.0,BUY
1749133203000000000,AAPL,XNAS,1.000476360321045,100,1.0,SELL
1749133248000000000,AAPL,XNAS,1.0006191730499268,100,1.0,SELL
1749133272000000000,AAPL,XNAS,1.000666856765747,100,1.0,SELL
1749133273000000000,AAPL,XNAS,1.001050591468811,100,225.0,SELL
1749133276000000000,AAPL,XNAS,1.0011430978775024,100,1.0,BUY
1749133301000000000,AAPL,XNAS,1.000809669494629,100,78.0,SELL
1749133333000000000,AAPL,XNAS,1.0013251304626465,100,95.0,SELL
1749133342000000000,AAPL,XNAS,1.001476526260376,100,6.0,BUY
1749133375000000000,AAPL,XNAS,1.0013335943222046,100,1.0,BUY
1749133400000000000,AAPL,XNAS,1.0009526014328003,100,200.0,SELL
1749133404000000000,AAPL,XNAS,1.0007625818252563,100,103.0,BUY
1749133412000000000,AAPL,XNAS,1.000571608543396,100,1.0,BUY
1749133420000000000,AAPL,XNAS,1.0005239248275757,100,72.0,SELL
1749133434000000000,AAPL,XNAS,1.0014289617538452,100,600.0,SELL
1749133435000000000,AAPL,XNAS,1.0016194581985474,100,2.0,BUY
1749133480000000000,AAPL,XNAS,1.0011372566223145,100,81.0,BUY
1749133481000000000,AAPL,XNAS,1.0011430978775024,100,1.0,SELL
1749133542000000000,AAPL,XNAS,1.0014233589172363,100,69.0,BUY
1749133551000000000,AAPL,XNAS,1.001381278038025,100,1.0,SELL
1749133553000000000,AAPL,XNAS,1.001571774482727,100,1.0,BUY
1749133595000000000,AAPL,XNAS,1.0019078254699707,100,109.0,SELL
1749133648000000000,AAPL,XNAS,1.002347469329834,100,7.0,SELL
1749133670000000000,AAPL,XNAS,1.0023338794708252,100,1.0,SELL
1749133700000000000,AAPL,XNAS,1.0025720596313477,100,1.0,BUY
1749133714000000000,AAPL,XNAS,1.0022186040878296,100,107.0,SELL
1749133727000000000,AAPL,XNAS,1.0023815631866455,100,200.0,SELL
1749133734000000000,AAPL,XNAS,1.0025720596313477,100,1.0,UNKNOWN
1749133738000000000,AAPL,XNAS,1.0023338794708252,100,6.0,SELL
1749133760000000000,AAPL,XNAS,1.0019705295562744,100,685.0,BUY
1749133761000000000,AAPL,XNAS,1.0019433498382568,100,5.0,SELL
1749133800000000000,AAPL,XNAS,0.9949804544448853,99,420.0,SELL
1749133803000000000,AAPL,XNAS,0.9949560761451721,99,140.0,BUY
1749133819000000000,AAPL,XNAS,0.997133731842041,100,251.0,BUY
1749133820000000000,AAPL,XNAS,0.9973852038383484,100,352.0,SELL
1749133867000000000,AAPL,XNAS,0.9979502558708191,100,121.0,BUY
1749133887000000000,AAPL,XNAS,0.9966459274291992,100,2.0,BUY
1749133890000000000,AAPL,XNAS,0.9954169392585754,100,60.0,BUY
1749133897000000000,AAPL,XNAS,0.9944952130317688,99,1.0,BUY
1749133946000000000,AAPL,XNAS,0.9938807487487793,99,1.0,SELL
1749133948000000000,AAPL,XNAS,0.9938807487487793,99,1.0,SELL
1749133960000000000,AAPL,XNAS,0.9928153157234192,99,103.0,BUY
1749134006000000000,AAPL,XNAS,0.9940343499183655,99,1.0,SELL
1749134009000000000,AAPL,XNAS,0.9948024749755859,99,271.0,BUY
1749134022000000000,AAPL,XNAS,0.9956218004226685,100,204.0,BUY
1749134024000000000,AAPL,XNAS,0.9967483282089233,100,2.0,BUY
1749134029000000000,AAPL,XNAS,0.9969467520713806,100,48.0,SELL
1749134067000000000,AAPL,XNAS,0.9965947270393372,100,1.0,SELL
1749134079000000000,AAPL,XNAS,0.9966459274291992,100,1.0,SELL
1749134098000000000,AAPL,XNAS,0.9966459274291992,100,2.0,SELL
1749134124000000000,AAPL,XNAS,0.9956218004226685,100,100.0,SELL
1749134128000000000,AAPL,XNAS,0.9957242012023926,100,1.0,UNKNOWN
1749134189000000000,AAPL,XNAS,0.9955193400382996,100,1.0,SELL
1749134204000000000,AAPL,XNAS,0.9958778023719788,100,3.0,SELL
1749134212000000000,AAPL,XNAS,0.994853675365448,99,5.0,SELL
1749134222000000000,AAPL,XNAS,0.9948280453681946,99,200.0,SELL
1749134237000000000,AAPL,XNAS,0.9936758875846863,99,100.0,SELL
1749134250000000000,AAPL,XNAS,0.993471086025238,99,1.0,SELL
1749134264000000000,AAPL,XNAS,0.9947300553321838,99,116.0,SELL
1749134265000000000,AAPL,XNAS,0.9947410225868225,99,75.0,SELL
1749134311000000000,AAPL,XNAS,0.9939319491386414,99,1.0,SELL
1749134315000000000,AAPL,XNAS,0.9939319491386414,99,1.0,BUY
1749134336000000000,AAPL,XNAS,0.9961338639259338,100,1.0,BUY
1749134343000000000,AAPL,XNAS,0.9967995285987854,100,5.0,BUY
1749134344000000000,AAPL,XNAS,0.9966971278190613,100,1.0,BUY
1749134372000000000,AAPL,XNAS,0.9953238368034363,100,11.0,BUY
1749134380000000000,AAPL,XNAS,0.9955193400382996,100,1.0,BUY
1749134382000000000,AAPL,XNAS,0.9945946335792542,99,103.0,BUY
1749134400000000000,AAPL,XNAS,1.000093698501587,100,1.0,BUY
1749134405000000000,AAPL,XNAS,1.0000959634780884,100,342.0,BUY
1749134435000000000,AAPL,XNAS,1.0004867315292358,100,69.0,BUY
1749134437000000000,AAPL,XNAS,1.000802755355835,100,51.0,BUY
1749134460000000000,AAPL,XNAS,1.0009368658065796,100,1.0,BUY
1749134485000000000,AAPL,XNAS,1.000439167022705,100,468.0,BUY
1749134550000000000,AAPL,XNAS,1.0,100,1.0,BUY
1749134614000000000,AAPL,XNAS,1.0003634691238403,100,58.0,SELL
1749134671000000000,AAPL,XNAS,1.000515341758728,100,1.0,SELL
1749134690000000000,AAPL,XNAS,1.0007963180541992,100,7.0,BUY
1749134694000000000,AAPL,XNAS,1.0009368658065796,100,1.0,BUY
1749134707000000000,AAPL,XNAS,1.0007026195526123,100,5.0,BUY
1749134739000000000,AAPL,XNAS,1.000609040260315,100,3.0,SELL
1749134768000000000,AAPL,XNAS,1.0009368658065796,100,6.0,BUY
1749134789000000000,AAPL,XNAS,1.0009503364562988,100,108.0,BUY
1749134799000000000,AAPL,XNAS,1.001165747642517,100,35.0,BUY
1749134819000000000,AAPL,XNAS,1.0008822679519653,100,6.0,BUY
1749134823000000000,AAPL,XNAS,1.000515341758728,100,416.0,SELL
1749134853000000000,AAPL,XNAS,1.0000468492507935,100,1.0,SELL
1749134901000000000,AAPL,XNAS,1.0000468492507935,100,1.0,UNKNOWN
1749134910000000000,AAPL,XNAS,1.000093698501587,100,101.0,BUY
1749134911000000000,AAPL,XNAS,1.0002342462539673,100,98.0,BUY
1749134942000000000,AAPL,XNAS,0.9999057054519653,100,464.0,BUY
1749134971000000000,AAPL,XNAS,0.9999063014984131,100,1.0,SELL
1749134994000000000,AAPL,XNAS,1.0002342462539673,100,202.0,BUY
1749135000000000000,AAPL,XNAS,0.9995383024215698,100,72.0,BUY
1749135010000000000,AAPL,XNAS,0.999298632144928,100,155.0,BUY
1749135023000000000,AAPL,XNAS,0.9993432760238647,100,8.0,SELL
1749135031000000000,AAPL,XNAS,0.9996463656425476,100,197.0,SELL
1749135092000000000,AAPL,XNAS,0.9997473955154419,100,1.0,BUY
1749135120000000000,AAPL,XNAS,0.99937903881073,100,343.0,BUY
1749135121000000000,AAPL,XNAS,0.9992398023605347,100,21.0,SELL
1749135145000000000,AAPL,XNAS,0.9988240003585815,100,122.0,SELL
1749135155000000000,AAPL,XNAS,0.9990906715393066,100,1.0,SELL
1749135168000000000,AAPL,XNAS,0.9987875819206238,100,123.0,BUY
1749135177000000000,AAPL,XNAS,0.99863600730896,100,1.0,SELL
1749135218000000000,AAPL,XNAS,0.9987370371818542,100,1.0,SELL
1749135240000000000,AAPL,XNAS,0.9985415935516357,100,160.0,BUY
1749135243000000000,AAPL,XNAS,0.9982823729515076,100,10.0,SELL
1749135255000000000,AAPL,XNAS,0.9981308579444885,100,10.0,SELL
1749135256000000000,AAPL,XNAS,0.9982972145080566,100,242.0,SELL
1749135258000000000,AAPL,XNAS,0.9982823729515076,100,6.0,SELL
1749135274000000000,AAPL,XNAS,0.9982823729515076,100,23.0,SELL
1749135288000000000,AAPL,XNAS,0.9981813430786133,100,1.0,BUY
1749135314000000000,AAPL,XNAS,0.998555600643158,100,213.0,BUY
1749135315000000000,AAPL,XNAS,0.9986865520477295,100,100.0,SELL
1749135344000000000,AAPL,XNAS,0.9987370371818542,100,1.0,SELL
1749135407000000000,AAPL,XNAS,0.9987370371818542,100,1.0,BUY
1749135416000000000,AAPL,XNAS,0.9989390969276428,100,20.0,BUY
1749135426000000000,AAPL,XNAS,0.9987951517105103,100,234.0,SELL
1749135433000000000,AAPL,XNAS,0.9987875819206238,100,1.0,SELL
1749135484000000000,AAPL,XNAS,0.9986865520477295,100,1.0,BUY
1749135533000000000,AAPL,XNAS,0.99863600730896,100,1.0,BUY
1749135543000000000,AAPL,XNAS,0.9984844923019409,100,1.0,SELL
1749135544000000000,AAPL,XNAS,0.9984239339828491,100,500.0,BUY
1749135555000000000,AAPL,XNAS,0.9978782534599304,100,2.0,BUY
1749135556000000000,AAPL,XNAS,0.9974235892295837,100,1.0,SELL
1749135557000000000,AAPL,XNAS,0.9976854920387268,100,152.0,SELL
1749135602000000000,AAPL,XNAS,0.9987037777900696,100,100.0,BUY
1749135603000000000,AAPL,XNAS,0.9989438056945801,100,200.0,SELL
1749135653000000000,AAPL,XNAS,0.9987998008728027,100,69.0,SELL
1749135687000000000,AAPL,XNAS,0.9984612464904785,100,95.0,BUY
1749135716000000000,AAPL,XNAS,0.9984637498855591,100,44.0,SELL
1749135752000000000,AAPL,XNAS,0.9980797171592712,100,27.0,SELL
1749135753000000000,AAPL,XNAS,0.9980316758155823,100,2.0,SELL
1749135754000000000,AAPL,XNAS,0.9984157681465149,100,2.0,BUY
1749135756000000000,AAPL,XNAS,0.9984157681465149,100,100.0,BUY
1749135765000000000,AAPL,XNAS,0.9985557794570923,100,12.0,BUY
1749135829000000000,AAPL,XNAS,0.998991847038269,100,90.0,BUY
1749135860000000000,AAPL,XNAS,0.9990398287773132,100,4.0,BUY
1749135903000000000,AAPL,XNAS,0.9987037777900696,100,1.0,SELL
1749135924000000000,AAPL,XNAS,0.9984157681465149,100,75.0,SELL
1749135977000000000,AAPL,XNAS,0.9983197450637817,100,30.0,SELL
1749135979000000000,AAPL,XNAS,0.9981528520584106,100,313.0,BUY
1749135999000000000,AAPL,XNAS,0.9979356527328491,100,1.0,SELL
1749136127000000000,AAPL,XNAS,0.9976476430892944,100,100.0,SELL
1749136129000000000,AAPL,XNAS,0.9975516200065613,100,130.0,SELL
1749136147000000000,AAPL,XNAS,0.9982298016548157,100,449.0,SELL
1749136152000000000,AAPL,XNAS,0.9981756806373596,100,6.0,SELL
1749136158000000000,AAPL,XNAS,0.9981756806373596,100,3.0,SELL
1749136164000000000,AAPL,XNAS,0.9981756806373596,100,48.0,SELL
1749136173000000000,AAPL,XNAS,0.9984157681465149,100,27.0,BUY
1749136202000000000,AAPL,XNAS,0.9992637634277344,100,3.0,BUY
1749136205000000000,AAPL,XNAS,0.9994668364524841,100,19.0,BUY
1749136206000000000,AAPL,XNAS,0.9995684027671814,100,101.0,BUY
1749136230000000000,AAPL,XNAS,0.9989138245582581,100,111.0,BUY
1749136239000000000,AAPL,XNAS,0.9974146485328674,100,96.0,SELL
1749136249000000000,AAPL,XNAS,0.9973850846290588,100,2.0,SELL
1749136260000000000,AAPL,XNAS,0.9972665905952454,100,3.0,SELL
1749136261000000000,AAPL,XNAS,0.9971480965614319,100,3.0,SELL
1749136264000000000,AAPL,XNAS,0.9969382286071777,100,5.0,SELL
1749136285000000000,AAPL,XNAS,0.99677574634552,100,1.0,SELL
1749136300000000000,AAPL,XNAS,0.9967080354690552,100,3.0,SELL
1749136304000000000,AAPL,XNAS,0.9964855909347534,100,7.0,SELL
1749136310000000000,AAPL,XNAS,0.9965726733207703,100,1.0,SELL
1749136355000000000,AAPL,XNAS,0.9971819519996643,100,20.0,SELL
1749136356000000000,AAPL,XNAS,0.9975881576538086,100,1.0,BUY
1749136371000000000,AAPL,XNAS,0.9977405071258545,100,1.0,BUY
1749136383000000000,AAPL,XNAS,0.9976897239685059,100,9.0,BUY
1749136416000000000,AAPL,XNAS,0.997842013835907,100,1.0,SELL
1749136535000000000,AAPL,XNAS,0.9987559914588928,100,1.0,SELL
1749136586000000000,AAPL,XNAS,0.9989083409309387,100,1.0,BUY
1749136600000000000,AAPL,XNAS,0.9982482194900513,100,100.0,SELL
1749136671000000000,AAPL,XNAS,0.9986544251441956,100,1.0,BUY
1749136692000000000,AAPL,XNAS,0.9987052083015442,100,1.0,BUY
1749136756000000000,AAPL,XNAS,0.9985529184341431,100,1.0,BUY
1749136760000000000,AAPL,XNAS,0.9978930950164795,100,201.0,BUY
1749136772000000000,AAPL,XNAS,0.9973850846290588,100,100.0,SELL
1749136780000000000,AAPL,XNAS,0.9969788789749146,100,9.0,SELL
1749136783000000000,AAPL,XNAS,0.997080385684967,100,1.0,SELL
1749136806000000000,AAPL,XNAS,0.9999207854270935,100,102.0,UNKNOWN
1749136855000000000,AAPL,XNAS,0.9988242387771606,100,71.0,SELL
1749136882000000000,AAPL,XNAS,0.9982833862304688,100,3.0,SELL
1749136906000000000,AAPL,XNAS,0.9988644123077393,100,1.0,SELL
1749136924000000000,AAPL,XNAS,0.999392569065094,100,4.0,SELL
1749136986000000000,AAPL,XNAS,1.0000792741775513,100,2.0,BUY
1749136997000000000,AAPL,XNAS,1.0007178783416748,100,22.0,BUY
1749137014000000000,AAPL,XNAS,1.0009771585464478,100,102.0,BUY
1749137018000000000,AAPL,XNAS,1.0000004768371582,100,206.0,SELL
1749137059000000000,AAPL,XNAS,0.9990278482437134,100,191.0,BUY
1749137093000000000,AAPL,XNAS,0.9983361959457397,100,202.0,SELL
1749137130000000000,AAPL,XNAS,0.99918133020401,100,1.0,BUY
1749137153000000000,AAPL,XNAS,0.999445378780365,100,2.0,SELL
1749137169000000000,AAPL,XNAS,1.0001600980758667,100,143.0,SELL
1749137188000000000,AAPL,XNAS,1.001162052154541,100,6.0,BUY
1749137189000000000,AAPL,XNAS,1.0008715391159058,100,201.0,BUY
1749137199000000000,AAPL,XNAS,1.0008715391159058,100,203.0,BUY
1749137245000000000,AAPL,XNAS,1.000050663948059,100,126.0,BUY
1749137273000000000,AAPL,XNAS,0.9996566772460938,100,103.0,SELL
1749137279000000000,AAPL,XNAS,0.9992016553878784,100,166.0,SELL
1749137301000000000,AAPL,XNAS,1.0000792741775513,100,100.0,BUY
1749137302000000000,AAPL,XNAS,1.0003961324691772,100,100.0,UNKNOWN
1749137310000000000,AAPL,XNAS,1.0011883974075317,100,2.0,BUY
1749137313000000000,AAPL,XNAS,1.0008715391159058,100,603.0,BUY
1749137317000000000,AAPL,XNAS,1.0007659196853638,100,100.0,BUY
1749137319000000000,AAPL,XNAS,1.0006073713302612,100,100.0,BUY
1749137323000000000,AAPL,XNAS,1.0008715391159058,100,200.0,BUY
1749137332000000000,AAPL,XNAS,1.0001320838928223,100,101.0,BUY
1749137393000000000,AAPL,XNAS,0.9996209740638733,100,216.0,SELL
1749137407000000000,AAPL,XNAS,1.0003200769424438,100,1.0,BUY
1749137424000000000,AAPL,XNAS,1.0005663633346558,100,4.0,SELL
1749137510000000000,AAPL,XNAS,0.9997968673706055,100,16.0,SELL
1749137515000000000,AAPL,XNAS,1.0002708435058594,100,2.0,SELL
1749137527000000000,AAPL,XNAS,1.0010095834732056,100,1.0,BUY
1749137543000000000,AAPL,XNAS,1.0001723766326904,100,536.0,BUY
1749137585000000000,AAPL,XNAS,0.9994547367095947,100,318.0,BUY
1749137601000000000,AAPL,XNAS,0.9986084699630737,100,213.0,BUY
1749137616000000000,AAPL,XNAS,0.9992964863777161,100,14.0,SELL
1749137623000000000,AAPL,XNAS,0.9994336366653442,100,100.0,BUY
1749137708000000000,AAPL,XNAS,0.9985913634300232,100,204.0,SELL
1749137725000000000,AAPL,XNAS,0.9981299042701721,100,262.0,SELL
1749137828000000000,AAPL,XNAS,0.996577262878418,100,7.0,SELL
1749137829000000000,AAPL,XNAS,0.996385931968689,100,113.0,SELL
1749137842000000000,AAPL,XNAS,0.9958385825157166,100,4.0,BUY
1749137846000000000,AAPL,XNAS,0.9960673451423645,100,31.0,SELL
1749137912000000000,AAPL,XNAS,0.9968337416648865,100,111.0,SELL
1749137983000000000,AAPL,XNAS,0.9957892894744873,100,31.0,SELL
1749138015000000000,AAPL,XNAS,0.9997578859329224,100,100.0,SELL
1749138020000000000,AAPL,XNAS,0.9997578859329224,100,90.0,SELL
1749138022000000000,AAPL,XNAS,0.9997578859329224,100,100.0,SELL
1749138045000000000,AAPL,XNAS,0.99990314245224,100,2.0,BUY
1749138061000000000,AAPL,XNAS,0.9993705749511719,100,1.0,BUY
1749138062000000000,AAPL,XNAS,0.9991284608840942,100,1.0,BUY
1749138064000000000,AAPL,XNAS,0.9991284608840942,100,4.0,SELL
1749138099000000000,AAPL,XNAS,0.9993705749511719,100,2.0,BUY
1749138111000000000,AAPL,XNAS,0.9995642304420471,100,4.0,BUY
1749138130000000000,AAPL,XNAS,0.9987940788269043,100,276.0,BUY
1749138131000000000,AAPL,XNAS,0.9984021782875061,100,1.0,BUY
1749138181000000000,AAPL,XNAS,0.9977726936340332,100,4.0,BUY
1749138187000000000,AAPL,XNAS,0.9973313212394714,100,103.0,SELL
1749138189000000000,AAPL,XNAS,0.9972401261329651,100,96.0,BUY
1749138190000000000,AAPL,XNAS,0.9967596530914307,100,13.0,SELL
1749138221000000000,AAPL,XNAS,0.9970464110374451,100,1.0,UNKNOWN
1749138225000000000,AAPL,XNAS,0.9973853826522827,100,100.0,BUY
1749138227000000000,AAPL,XNAS,0.9974337816238403,100,31.0,BUY
1749138238000000000,AAPL,XNAS,0.9969011545181274,100,90.0,SELL
1749138250000000000,AAPL,XNAS,0.9972401261329651,100,49.0,BUY
1749138282000000000,AAPL,XNAS,0.9971432685852051,100,2.0,BUY
1749138302000000000,AAPL,XNAS,0.9969496130943298,100,5.0,SELL
1749138309000000000,AAPL,XNAS,0.9967558979988098,100,1.0,SELL
1749138318000000000,AAPL,XNAS,0.9971538186073303,100,101.0,SELL
1749138332000000000,AAPL,XNAS,0.997675895690918,100,2.0,BUY
1749138350000000000,AAPL,XNAS,0.9972401261329651,100,16.0,BUY
1749138363000000000,AAPL,XNAS,0.997482180595398,100,4.0,SELL
1749138366000000000,AAPL,XNAS,0.9971916675567627,100,30.0,SELL
1749138392000000000,AAPL,XNAS,0.9974337816238403,100,5.0,BUY
1749138397000000000,AAPL,XNAS,0.9970948696136475,100,10.0,BUY
1749138402000000000,AAPL,XNAS,0.9968043565750122,100,9.0,SELL
1749138421000000000,AAPL,XNAS,0.9974337816238403,100,100.0,UNKNOWN
1749138426000000000,AAPL,XNAS,0.9972885251045227,100,4.0,UNKNOWN
1749138434000000000,AAPL,XNAS,0.9977242946624756,100,100.0,BUY
1749138454000000000,AAPL,XNAS,0.9977242946624756,100,100.0,SELL
1749138455000000000,AAPL,XNAS,0.9980148077011108,100,3.0,SELL
1749138485000000000,AAPL,XNAS,0.9983053207397461,100,5.0,SELL
1749138515000000000,AAPL,XNAS,0.9985474348068237,100,2.0,SELL
1749138517000000000,AAPL,XNAS,0.9983210563659668,100,151.0,BUY
1749138544000000000,AAPL,XNAS,0.9980148077011108,100,1.0,SELL
1749138546000000000,AAPL,XNAS,0.9982084631919861,100,100.0,SELL
1749138552000000000,AAPL,XNAS,0.9985474348068237,100,3.0,SELL
1749138573000000000,AAPL,XNAS,0.9984990358352661,100,2.0,BUY
1749138606000000000,AAPL,XNAS,1.0009074211120605,100,299.0,SELL
1749138607000000000,AAPL,XNAS,1.0015650987625122,100,1.0,BUY
1749138608000000000,AAPL,XNAS,1.0015650987625122,100,27.0,BUY
1749138611000000000,AAPL,XNAS,1.001866102218628,100,1.0,SELL
1749138613000000000,AAPL,XNAS,1.001866102218628,100,1.0,SELL
1749138616000000000,AAPL,XNAS,1.0020467042922974,100,64.0,SELL
1749138672000000000,AAPL,XNAS,1.0020166635513306,100,2.0,SELL
1749138673000000000,AAPL,XNAS,1.0016005039215088,100,610.0,BUY
1749138674000000000,AAPL,XNAS,1.0012038946151733,100,2.0,SELL
1749138676000000000,AAPL,XNAS,1.0012038946151733,100,101.0,BUY
1749138677000000000,AAPL,XNAS,1.0008748769760132,100,593.0,BUY
1749138679000000000,AAPL,XNAS,1.0003612041473389,100,24.0,SELL
1749138680000000000,AAPL,XNAS,1.0003581047058105,100,78.0,BUY
1749138681000000000,AAPL,XNAS,0.9999096989631653,100,2.0,BUY
1749138685000000000,AAPL,XNAS,0.9993378520011902,100,1.0,BUY
1749138686000000000,AAPL,XNAS,0.9990368485450745,100,2.0,SELL
1749138687000000000,AAPL,XNAS,0.9986154437065125,100,1.0,SELL
1749138688000000000,AAPL,XNAS,0.9984950423240662,100,1.0,SELL
1749138689000000000,AAPL,XNAS,0.9982026815414429,100,21.0,SELL
1749138694000000000,AAPL,XNAS,0.9981338977813721,100,100.0,SELL
1749138726000000000,AAPL,XNAS,1.0001251697540283,100,299.0,BUY
1749138727000000000,AAPL,XNAS,1.0001204013824463,100,100.0,BUY
1749138732000000000,AAPL,XNAS,1.0001819133758545,100,137.0,BUY
1749138733000000000,AAPL,XNAS,1.0005418062210083,100,1.0,BUY
1749138735000000000,AAPL,XNAS,1.0005418062210083,100,36.0,BUY
1749138736000000000,AAPL,XNAS,1.0006217956542969,100,106.0,BUY
1749138737000000000,AAPL,XNAS,1.0009030103683472,100,93.0,SELL
1749138751000000000,AAPL,XNAS,1.0016822814941406,100,203.0,SELL
1749138773000000000,AAPL,XNAS,1.0013242959976196,100,98.0,BUY
1749138777000000000,AAPL,XNAS,1.0006020069122314,100,1.0,SELL
1749138788000000000,AAPL,XNAS,1.0002599954605103,100,288.0,BUY
1749138809000000000,AAPL,XNAS,1.0006020069122314,100,160.0,SELL
1749138855000000000,AAPL,XNAS,1.0010836124420166,100,101.0,BUY
1749138901000000000,AAPL,XNAS,1.0024781227111816,100,120.0,BUY
1749138908000000000,AAPL,XNAS,1.0030701160430908,100,200.0,BUY
1749138912000000000,AAPL,XNAS,1.0039128065109253,100,3.0,SELL
1749138913000000000,AAPL,XNAS,1.004213809967041,100,1.0,BUY
1749138928000000000,AAPL,XNAS,1.0051770210266113,101,66.0,BUY
1749138929000000000,AAPL,XNAS,1.0052372217178345,101,21.0,BUY
1749138930000000000,AAPL,XNAS,1.0052372217178345,101,2.0,BUY
1749138931000000000,AAPL,XNAS,1.0052372217178345,101,477.0,BUY
1749138932000000000,AAPL,XNAS,1.0052366256713867,101,103.0,BUY
1749138934000000000,AAPL,XNAS,1.0052372217178345,101,1.0,BUY
1749138935000000000,AAPL,XNAS,1.0052974224090576,101,100.0,BUY
1749138959000000000,AAPL,XNAS,1.006561517715454,101,8.0,BUY
1749138960000000000,AAPL,XNAS,1.006561517715454,101,14.0,SELL
1749138973000000000,AAPL,XNAS,1.0080664157867432,101,1.0,BUY
1749138996000000000,AAPL,XNAS,1.0068023204803467,101,81.0,SELL
1749138997000000000,AAPL,XNAS,1.0067830085754395,101,328.0,SELL
1749139033000000000,AAPL,XNAS,1.0085480213165283,101,100.0,BUY
1749139046000000000,AAPL,XNAS,1.0075849294662476,101,104.0,SELL
1749139048000000000,AAPL,XNAS,1.0075849294662476,101,100.0,SELL
1749139078000000000,AAPL,XNAS,1.0075849294662476,101,200.0,SELL
1749139094000000000,AAPL,XNAS,1.0086082220077515,101,268.0,BUY
1749139095000000000,AAPL,XNAS,1.0081868171691895,101,1.0,BUY
1749139096000000000,AAPL,XNAS,1.0086082220077515,101,2.0,BUY
1749139099000000000,AAPL,XNAS,1.0086082220077515,101,165.0,BUY
1749139104000000000,AAPL,XNAS,1.0091500282287598,101,25.0,BUY
1749139123000000000,AAPL,XNAS,1.0079460144042969,101,200.0,SELL
1749139158000000000,AAPL,XNAS,1.009631633758545,101,1.0,BUY
1749139174000000000,AAPL,XNAS,1.009672999382019,101,318.0,SELL
1749139268000000000,AAPL,XNAS,1.0009037256240845,100,1.0,BUY
1749139286000000000,AAPL,XNAS,1.0012990236282349,100,2.0,BUY
1749139290000000000,AAPL,XNAS,1.001807451248169,100,16.0,BUY
1749139310000000000,AAPL,XNAS,1.0020333528518677,100,1.0,BUY
1749139326000000000,AAPL,XNAS,1.0019768476486206,100,1.0,BUY
1749139328000000000,AAPL,XNAS,1.0024851560592651,100,26.0,BUY
1749139334000000000,AAPL,XNAS,1.0025690793991089,100,493.0,BUY
1749139344000000000,AAPL,XNAS,1.0016944408416748,100,202.0,SELL
1749139453000000000,AAPL,XNAS,1.00359046459198,100,202.0,SELL
1749139528000000000,AAPL,XNAS,1.003739595413208,100,176.0,BUY
1749139539000000000,AAPL,XNAS,1.002867579460144,100,113.0,SELL
1749139567000000000,AAPL,XNAS,1.0023709535598755,100,45.0,SELL
1749139571000000000,AAPL,XNAS,1.0020337104797363,100,403.0,SELL
1749139579000000000,AAPL,XNAS,1.0015531778335571,100,200.0,SELL
1749139624000000000,AAPL,XNAS,1.0020333528518677,100,1.0,SELL
1749139631000000000,AAPL,XNAS,1.0025981664657593,100,401.0,BUY
1749139632000000000,AAPL,XNAS,1.0016041994094849,100,241.0,SELL
1749139641000000000,AAPL,XNAS,1.0007342100143433,100,1.0,SELL
1749139649000000000,AAPL,XNAS,1.0005083084106445,100,74.0,SELL
1749139659000000000,AAPL,XNAS,1.0,100,100.0,SELL
1749139663000000000,AAPL,XNAS,1.0,100,100.0,BUY
1749139740000000000,AAPL,XNAS,0.9991487264633179,100,14.0,SELL
1749139745000000000,AAPL,XNAS,0.9985314607620239,100,1.0,SELL
1749139802000000000,AAPL,XNAS,0.9981006383895874,100,206.0,SELL
1749139921000000000,AAPL,XNAS,0.9976627826690674,100,221.0,SELL
1749139922000000000,AAPL,XNAS,0.9980955123901367,100,101.0,BUY
1749139947000000000,AAPL,XNAS,0.997587263584137,100,1.0,SELL
1749139950000000000,AAPL,XNAS,0.9973819255828857,100,1.0,SELL
1749139951000000000,AAPL,XNAS,0.9972289204597473,100,101.0,SELL
1749139960000000000,AAPL,XNAS,0.9971252679824829,100,225.0,SELL
1749139971000000000,AAPL,XNAS,0.9975359439849854,100,195.0,SELL
1749139972000000000,AAPL,XNAS,0.998049259185791,100,100.0,BUY
1749139984000000000,AAPL,XNAS,0.9974332451820374,100,9.0,SELL
1749139988000000000,AAPL,XNAS,0.9972279071807861,100,2.0,SELL
1749140024000000000,AAPL,XNAS,0.9979466199874878,100,110.0,BUY
1749140090000000000,AAPL,XNAS,0.9971252679824829,100,73.0,SELL
1749140106000000000,AAPL,XNAS,0.9970225691795349,100,1.0,SELL
1749140134000000000,AAPL,XNAS,0.9978960156440735,100,204.0,SELL
1749140147000000000,AAPL,XNAS,0.9984086155891418,100,25.0,BUY
1749140213000000000,AAPL,XNAS,0.9979979395866394,100,12.0,SELL
1749140214000000000,AAPL,XNAS,0.998382031917572,100,143.0,BUY
1749140218000000000,AAPL,XNAS,0.9982101917266846,100,639.0,SELL
1749140220000000000,AAPL,XNAS,0.9985113143920898,100,283.0,SELL
1749140227000000000,AAPL,XNAS,0.9984086155891418,100,7.0,BUY
1749140232000000000,AAPL,XNAS,0.9986139535903931,100,6.0,BUY
1749140347000000000,AAPL,XNAS,0.9987032413482666,100,111.0,BUY
1749140356000000000,AAPL,XNAS,0.9985626339912415,100,9.0,BUY
1749140376000000000,AAPL,XNAS,0.9985626339912415,100,13.0,BUY
1749140380000000000,AAPL,XNAS,0.997933030128479,100,401.0,BUY
1749140412000000000,AAPL,XNAS,0.9947384595870972,99,6.0,SELL
1749140428000000000,AAPL,XNAS,0.9948003888130188,99,3.0,SELL
1749140433000000000,AAPL,XNAS,0.9948416352272034,99,36.0,SELL
1749140434000000000,AAPL,XNAS,0.9948003888130188,99,12.0,SELL
1749140451000000000,AAPL,XNAS,0.9965335726737976,100,1.0,BUY
1749140459000000000,AAPL,XNAS,0.9964717030525208,100,1.0,BUY
1749140506000000000,AAPL,XNAS,0.9948003888130188,99,50.0,SELL
1749140511000000000,AAPL,XNAS,0.994636595249176,99,130.0,SELL
1749140539000000000,AAPL,XNAS,0.9939910769462585,99,202.0,SELL
1749140562000000000,AAPL,XNAS,0.9940575957298279,99,24.0,SELL
1749140563000000000,AAPL,XNAS,0.9940575957298279,99,35.0,SELL
1749140564000000000,AAPL,XNAS,0.9939956665039062,99,30.0,SELL
1749140576000000000,AAPL,XNAS,0.9959765076637268,100,1.0,BUY
1749140591000000000,AAPL,XNAS,0.9979313015937805,100,355.0,SELL
1749140599000000000,AAPL,XNAS,0.999504804611206,100,23.0,BUY
1749140614000000000,AAPL,XNAS,0.9995666742324829,100,1.0,BUY
1749140626000000000,AAPL,XNAS,0.9995666742324829,100,1.0,BUY
1749140628000000000,AAPL,XNAS,0.9995666742324829,100,3.0,BUY
1749140632000000000,AAPL,XNAS,0.9995666742324829,100,2.0,BUY
1749140633000000000,AAPL,XNAS,0.9995666742324829,100,1.0,BUY
1749140634000000000,AAPL,XNAS,0.9995666742324829,100,37.0,SELL
1749140640000000000,AAPL,XNAS,1.0003714561462402,100,1.0,SELL
1749140662000000000,AAPL,XNAS,1.0003094673156738,100,1.0,SELL
1749140679000000000,AAPL,XNAS,1.001423716545105,100,26.0,BUY
1749140680000000000,AAPL,XNAS,1.001423716545105,100,35.0,BUY
1749140704000000000,AAPL,XNAS,1.0010522603988647,100,1.0,SELL
1749140718000000000,AAPL,XNAS,1.0010522603988647,100,2.0,SELL
1749140765000000000,AAPL,XNAS,1.000928521156311,100,1.0,BUY
1749140774000000000,AAPL,XNAS,1.0008666515350342,100,1.0,BUY
1749140786000000000,AAPL,XNAS,1.0008666515350342,100,1.0,SELL
1749140816000000000,AAPL,XNAS,1.000928521156311,100,1.0,SELL
1749140837000000000,AAPL,XNAS,1.000990390777588,100,1.0,SELL
1749140848000000000,AAPL,XNAS,1.0022903680801392,100,82.0,BUY
1749140851000000000,AAPL,XNAS,1.0027235746383667,100,4.0,BUY
1749140852000000000,AAPL,XNAS,1.0027235746383667,100,3.0,BUY
1749140855000000000,AAPL,XNAS,1.0027235746383667,100,6.0,BUY
1749140856000000000,AAPL,XNAS,1.0027235746383667,100,139.0,SELL
1749140875000000000,AAPL,XNAS,1.0046086311340332,100,146.0,BUY
1749140891000000000,AAPL,XNAS,1.004456877708435,100,1.0,SELL
1749140900000000000,AAPL,XNAS,1.0046424865722656,100,1.0,SELL
1749140903000000000,AAPL,XNAS,1.0027235746383667,100,24.0,SELL
1749140908000000000,AAPL,XNAS,1.002639889717102,100,434.0,SELL
1749140954000000000,AAPL,XNAS,1.004023551940918,100,1.0,BUY
1749140968000000000,AAPL,XNAS,1.0063235759735107,101,280.0,SELL
1749140969000000000,AAPL,XNAS,1.006870985031128,101,1.0,SELL
1749140974000000000,AAPL,XNAS,1.0058859586715698,101,571.0,SELL
1749140990000000000,AAPL,XNAS,1.0079209804534912,101,107.0,BUY
1749141011000000000,AAPL,XNAS,0.9999500513076782,100,4.0,SELL
1749141016000000000,AAPL,XNAS,0.9999500513076782,100,1.0,SELL
1749141054000000000,AAPL,XNAS,1.000199794769287,100,112.0,BUY
1749141095000000000,AAPL,XNAS,1.000025749206543,100,202.0,BUY
1749141113000000000,AAPL,XNAS,0.999975860118866,100,31.0,SELL
1749141119000000000,AAPL,XNAS,1.000147819519043,100,103.0,SELL
1749141120000000000,AAPL,XNAS,1.0,100,10.0,SELL
1749141145000000000,AAPL,XNAS,0.9997503161430359,100,14.0,SELL
1749141169000000000,AAPL,XNAS,0.9998002648353577,100,99.0,SELL
1749141172000000000,AAPL,XNAS,0.9998002648353577,100,100.0,SELL
1749141209000000000,AAPL,XNAS,0.9998502135276794,100,6.0,BUY
1749141222000000000,AAPL,XNAS,0.9999897480010986,100,210.0,SELL
1749141258000000000,AAPL,XNAS,0.9998002648353577,100,10.0,SELL
1749141261000000000,AAPL,XNAS,1.0,100,4.0,SELL
1749141311000000000,AAPL,XNAS,1.0000998973846436,100,4.0,UNKNOWN
1749141317000000000,AAPL,XNAS,0.9999188780784607,100,24.0,SELL
1749141318000000000,AAPL,XNAS,0.9998825788497925,100,131.0,BUY
1749141325000000000,AAPL,XNAS,0.9998502135276794,100,1.0,BUY
1749141326000000000,AAPL,XNAS,0.9999001026153564,100,20.0,SELL
1749141343000000000,AAPL,XNAS,1.0002497434616089,100,13.0,BUY
1749141403000000000,AAPL,XNAS,1.0002995729446411,100,10.0,BUY
1749141426000000000,AAPL,XNAS,1.0002995729446411,100,1.0,BUY
1749141491000000000,AAPL,XNAS,1.0000998973846436,100,4.0,BUY
1749141497000000000,AAPL,XNAS,1.0001498460769653,100,20.0,BUY
1749141517000000000,AAPL,XNAS,1.0000559091567993,100,143.0,BUY
1749141531000000000,AAPL,XNAS,1.0000499486923218,100,1.0,SELL
1749141551000000000,AAPL,XNAS,1.0000499486923218,100,3.0,SELL
1749141561000000000,AAPL,XNAS,1.0001962184906006,100,28.0,BUY
1749141562000000000,AAPL,XNAS,1.0002497434616089,100,2.0,BUY
1749141564000000000,AAPL,XNAS,1.0001498460769653,100,1.0,BUY
1749141590000000000,AAPL,XNAS,0.9998759031295776,100,202.0,BUY
1749141600000000000,AAPL,XNAS,0.9986945390701294,100,1.0,SELL
1749141647000000000,AAPL,XNAS,0.9981384873390198,100,4.0,SELL
1749141648000000000,AAPL,XNAS,0.9980176091194153,100,4.0,SELL
1749141666000000000,AAPL,XNAS,0.9979240298271179,100,31.0,SELL
1749141678000000000,AAPL,XNAS,0.997872531414032,100,2.0,SELL
1749141680000000000,AAPL,XNAS,0.9978241920471191,100,3.0,SELL
1749141682000000000,AAPL,XNAS,0.9976609945297241,100,8.0,SELL
1749141689000000000,AAPL,XNAS,0.9974546432495117,100,14.0,BUY
1749141690000000000,AAPL,XNAS,0.9971890449523926,100,22.0,BUY
1749141691000000000,AAPL,XNAS,0.9969860911369324,100,3.0,SELL
1749141709000000000,AAPL,XNAS,0.9968571662902832,100,5.0,UNKNOWN
1749141710000000000,AAPL,XNAS,0.9965509176254272,100,9.0,BUY
1749141711000000000,AAPL,XNAS,0.9963011145591736,100,4.0,SELL
1749141712000000000,AAPL,XNAS,0.9962285757064819,100,2.0,SELL
1749141722000000000,AAPL,XNAS,0.9961802363395691,100,2.0,SELL
1749141731000000000,AAPL,XNAS,0.9964219927787781,100,1.0,BUY
1749141742000000000,AAPL,XNAS,0.99605393409729,100,98.0,SELL
1749141745000000000,AAPL,XNAS,0.9958901405334473,100,5.0,SELL
1749141748000000000,AAPL,XNAS,0.9958031177520752,100,5.0,SELL
1749141749000000000,AAPL,XNAS,0.9956725835800171,100,4.0,SELL
1749141751000000000,AAPL,XNAS,0.9956000447273254,100,2.0,SELL
1749141755000000000,AAPL,XNAS,0.9955517053604126,100,2.0,SELL
1749141765000000000,AAPL,XNAS,0.9952239990234375,100,18.0,SELL
1749141767000000000,AAPL,XNAS,0.9948651194572449,99,5.0,SELL
1749141769000000000,AAPL,XNAS,0.9947055578231812,99,4.0,SELL
1749141802000000000,AAPL,XNAS,0.9952616095542908,100,23.0,BUY
1749141803000000000,AAPL,XNAS,0.995302140712738,100,273.0,BUY
1749141810000000000,AAPL,XNAS,0.9949714541435242,99,1.0,BUY
1749141817000000000,AAPL,XNAS,0.9950198531150818,100,50.0,BUY
1749141827000000000,AAPL,XNAS,0.9944847822189331,99,153.0,SELL
1749141828000000000,AAPL,XNAS,0.9942461848258972,99,26.0,SELL
1749141829000000000,AAPL,XNAS,0.9941334128379822,99,6.0,SELL
1749141834000000000,AAPL,XNAS,0.9939059615135193,99,27.0,SELL
1749141837000000000,AAPL,XNAS,0.9937199354171753,99,43.0,SELL
1749141845000000000,AAPL,XNAS,0.9936417937278748,99,32.0,SELL
1749141857000000000,AAPL,XNAS,0.9944396018981934,99,1.0,BUY
1749141862000000000,AAPL,XNAS,0.9945363402366638,99,1.0,BUY
1749141871000000000,AAPL,XNAS,0.9943912625312805,99,1.0,BUY
1749141878000000000,AAPL,XNAS,0.9940528273582458,99,2.0,SELL
1749141882000000000,AAPL,XNAS,0.993770182132721,99,148.0,SELL
1749141902000000000,AAPL,XNAS,0.9937143325805664,99,15.0,SELL
1749141932000000000,AAPL,XNAS,0.9937192797660828,99,49.0,SELL
1749141953000000000,AAPL,XNAS,0.9932345151901245,99,105.0,SELL
1749142008000000000,AAPL,XNAS,0.9938594102859497,99,1.0,SELL
1749142071000000000,AAPL,XNAS,0.9940528273582458,99,1.0,SELL
1749142078000000000,AAPL,XNAS,0.9936176538467407,99,105.0,SELL
1749142118000000000,AAPL,XNAS,0.9947055578231812,99,24.0,BUY
1749142121000000000,AAPL,XNAS,0.9947296977043152,99,6.0,SELL
1749142123000000000,AAPL,XNAS,0.9944879412651062,99,2.0,SELL
1749142142000000000,AAPL,XNAS,0.9947296977043152,99,1.0,SELL
1749142147000000000,AAPL,XNAS,0.9948999881744385,99,23.0,BUY
1749142154000000000,AAPL,XNAS,0.9948747754096985,99,3.0,SELL
1749142161000000000,AAPL,XNAS,0.9949714541435242,99,8.0,BUY
1749142219000000000,AAPL,XNAS,1.0006380081176758,100,1.0,BUY
1749142242000000000,AAPL,XNAS,1.0005906820297241,100,1.0,BUY
1749142264000000000,AAPL,XNAS,1.0008506774902344,100,200.0,SELL
1749142265000000000,AAPL,XNAS,1.001252293586731,100,2.0,BUY
1749142270000000000,AAPL,XNAS,1.0009688138961792,100,1.0,BUY
1749142273000000000,AAPL,XNAS,1.0012050867080688,100,100.0,BUY
1749142274000000000,AAPL,XNAS,1.001063346862793,100,15.0,BUY
1749142319000000000,AAPL,XNAS,1.0009214878082275,100,1.0,BUY
1749142343000000000,AAPL,XNAS,1.0011132955551147,100,103.0,SELL
1749142362000000000,AAPL,XNAS,1.001535415649414,100,201.0,SELL
1749142363000000000,AAPL,XNAS,1.0015830993652344,100,100.0,SELL
1749142401000000000,AAPL,XNAS,1.001402497291565,100,62.0,SELL
1749142419000000000,AAPL,XNAS,1.0014885663986206,100,1.0,SELL
1749142447000000000,AAPL,XNAS,1.0013000965118408,100,279.0,SELL
1749142448000000000,AAPL,XNAS,1.001274585723877,100,195.0,BUY
1749142449000000000,AAPL,XNAS,1.0012444257736206,100,6.0,BUY
1749142452000000000,AAPL,XNAS,1.001110553741455,100,1.0,UNKNOWN
1749142499000000000,AAPL,XNAS,1.0014885663986206,100,103.0,SELL
1749142500000000000,AAPL,XNAS,1.0015830993652344,100,4.0,BUY
1749142507000000000,AAPL,XNAS,1.0015358924865723,100,1.0,SELL
1749142547000000000,AAPL,XNAS,1.0015830993652344,100,1.0,SELL
1749142569000000000,AAPL,XNAS,1.0017908811569214,100,126.0,SELL
1749142570000000000,AAPL,XNAS,1.0019139051437378,100,1.0,BUY
1749142597000000000,AAPL,XNAS,1.0022051334381104,100,123.0,SELL
1749142601000000000,AAPL,XNAS,1.0022920370101929,100,1.0,BUY
1749142647000000000,AAPL,XNAS,1.0020557641983032,100,1.0,BUY
1749142650000000000,AAPL,XNAS,1.0021029710769653,100,1.0,SELL
1749142731000000000,AAPL,XNAS,1.002197504043579,100,1.0,SELL
1749142741000000000,AAPL,XNAS,1.002197504043579,100,1.0,BUY
1749142756000000000,AAPL,XNAS,1.0018737316131592,100,128.0,SELL
1749142784000000000,AAPL,XNAS,1.001819372177124,100,100.0,SELL
1749142794000000000,AAPL,XNAS,1.001786470413208,100,139.0,SELL
1749142831000000000,AAPL,XNAS,1.0006002187728882,100,117.0,BUY
1749142832000000000,AAPL,XNAS,1.0010573863983154,100,1.0,BUY
1749142835000000000,AAPL,XNAS,1.0010573863983154,100,1.0,BUY
1749142838000000000,AAPL,XNAS,1.000817060470581,100,1.0,BUY
1749142906000000000,AAPL,XNAS,1.0003364086151123,100,1.0,BUY
1749142922000000000,AAPL,XNAS,1.0004806518554688,100,20.0,SELL
1749142930000000000,AAPL,XNAS,1.0009132623672485,100,100.0,BUY
1749142959000000000,AAPL,XNAS,1.000769019126892,100,1.0,BUY
1749142980000000000,AAPL,XNAS,1.0006729364395142,100,1.0,BUY
1749143025000000000,AAPL,XNAS,1.000817060470581,100,1.0,SELL
1749143053000000000,AAPL,XNAS,1.001327395439148,100,26.0,SELL
1749143114000000000,AAPL,XNAS,1.0014899969100952,100,1.0,BUY
1749143120000000000,AAPL,XNAS,1.0021148920059204,100,108.0,BUY
1749143121000000000,AAPL,XNAS,1.0021629333496094,100,1.0,BUY
1749143186000000000,AAPL,XNAS,1.001922607421875,100,1.0,SELL
1749143198000000000,AAPL,XNAS,1.0015861988067627,100,6.0,SELL
1749143199000000000,AAPL,XNAS,1.0015385150909424,100,101.0,BUY
1749143200000000000,AAPL,XNAS,1.001153588294983,100,150.0,SELL
1749143235000000000,AAPL,XNAS,1.001369833946228,100,2.0,UNKNOWN
1749143259000000000,AAPL,XNAS,1.0016822814941406,100,2.0,SELL
1749143267000000000,AAPL,XNAS,1.0014899969100952,100,1.0,BUY
1749143327000000000,AAPL,XNAS,1.0015380382537842,100,1.0,BUY
1749143330000000000,AAPL,XNAS,1.0013113021850586,100,142.0,SELL
1749143354000000000,AAPL,XNAS,1.001105546951294,100,200.0,SELL
1749143364000000000,AAPL,XNAS,1.0010093450546265,100,72.0,SELL
1749143375000000000,AAPL,XNAS,1.0010044574737549,100,29.0,BUY
1749143376000000000,AAPL,XNAS,1.0010093450546265,100,31.0,BUY
1749143380000000000,AAPL,XNAS,1.0008364915847778,100,527.0,SELL
1749143384000000000,AAPL,XNAS,1.000769019126892,100,194.0,BUY
1749143385000000000,AAPL,XNAS,1.0002964735031128,100,207.0,BUY
1749143386000000000,AAPL,XNAS,1.000048041343689,100,1.0,BUY
1749143440000000000,AAPL,XNAS,1.000395655632019,100,1.0,SELL
1749143449000000000,AAPL,XNAS,1.0004887580871582,100,2.0,BUY
1749143485000000000,AAPL,XNAS,1.0003266334533691,100,207.0,BUY
1749143494000000000,AAPL,XNAS,1.000395655632019,100,1.0,BUY
1749143497000000000,AAPL,XNAS,1.0003025531768799,100,1.0,SELL
1749143562000000000,AAPL,XNAS,1.0004422664642334,100,1.0,SELL
1749143581000000000,AAPL,XNAS,1.0005353689193726,100,10.0,UNKNOWN
1749143610000000000,AAPL,XNAS,1.0006428956985474,100,422.0,SELL
1749143612000000000,AAPL,XNAS,1.00075364112854,100,183.0,SELL
1749143614000000000,AAPL,XNAS,1.0010473728179932,100,2.0,BUY
1749143624000000000,AAPL,XNAS,1.0012270212173462,100,7.0,SELL
1749143627000000000,AAPL,XNAS,1.0012335777282715,100,1.0,BUY
1749143674000000000,AAPL,XNAS,1.0013266801834106,100,2.0,SELL
1749143692000000000,AAPL,XNAS,1.0014197826385498,100,1.0,BUY
1749143707000000000,AAPL,XNAS,1.0012234449386597,100,369.0,BUY
1749143730000000000,AAPL,XNAS,1.0009077787399292,100,47.0,BUY
1749143736000000000,AAPL,XNAS,1.0006284713745117,100,9.0,SELL
1749143743000000000,AAPL,XNAS,1.0008606910705566,100,101.0,SELL
1749143761000000000,AAPL,XNAS,1.000954270362854,100,1.0,SELL
1749143770000000000,AAPL,XNAS,1.0009077787399292,100,100.0,BUY
1749143819000000000,AAPL,XNAS,1.0008611679077148,100,41.0,SELL
1749143854000000000,AAPL,XNAS,1.0008611679077148,100,1.0,BUY
1749143883000000000,AAPL,XNAS,1.0010008811950684,100,1.0,BUY
1749143898000000000,AAPL,XNAS,1.000770092010498,100,72.0,SELL
1749143904000000000,AAPL,XNAS,1.0010008811950684,100,4.0,BUY
1749143914000000000,AAPL,XNAS,1.0010473728179932,100,103.0,SELL
1749143931000000000,AAPL,XNAS,1.0012801885604858,100,1.0,BUY
1749143953000000000,AAPL,XNAS,1.0010278224945068,100,19.0,BUY
1749144000000000000,AAPL,XNAS,0.9990580677986145,100,224.0,BUY
1749144001000000000,AAPL,XNAS,0.9992514252662659,100,5.0,SELL
1749144007000000000,AAPL,XNAS,0.9996007680892944,100,5.0,SELL
1749144106000000000,AAPL,XNAS,1.0002470016479492,100,40.0,BUY
1749144149000000000,AAPL,XNAS,0.9999025464057922,100,21.0,BUY
1749144155000000000,AAPL,XNAS,0.9997503161430359,100,291.0,BUY
1749144204000000000,AAPL,XNAS,0.9997005462646484,100,118.0,BUY
1749144225000000000,AAPL,XNAS,0.9999001622200012,100,44.0,SELL
1749144228000000000,AAPL,XNAS,0.9999001622200012,100,1.0,SELL
1749144289000000000,AAPL,XNAS,0.9996506571769714,100,2.0,SELL
1749144294000000000,AAPL,XNAS,0.9995508790016174,100,204.0,SELL
1749144345000000000,AAPL,XNAS,0.9994111061096191,100,100.0,SELL
1749144349000000000,AAPL,XNAS,0.9994011521339417,100,10.0,SELL
1749144351000000000,AAPL,XNAS,0.9993512034416199,100,13.0,SELL
1749144353000000000,AAPL,XNAS,0.9993013143539429,100,11.0,SELL
1749144374000000000,AAPL,XNAS,0.999226450920105,100,4.0,SELL
1749144396000000000,AAPL,XNAS,0.9991515874862671,100,39.0,SELL
1749144425000000000,AAPL,XNAS,0.999126672744751,100,2.0,SELL
1749144444000000000,AAPL,XNAS,0.9989644885063171,100,12.0,SELL
1749144446000000000,AAPL,XNAS,0.998881995677948,100,340.0,SELL
1749144460000000000,AAPL,XNAS,0.9987523555755615,100,11.0,SELL
1749144462000000000,AAPL,XNAS,0.9989081025123596,100,183.0,SELL
1749144533000000000,AAPL,XNAS,0.9991016983985901,100,2.0,SELL
1749144545000000000,AAPL,XNAS,0.9987167119979858,100,28.0,SELL
1749144572000000000,AAPL,XNAS,0.99904865026474,100,111.0,SELL
1749144581000000000,AAPL,XNAS,0.9988521933555603,100,100.0,SELL
1749144596000000000,AAPL,XNAS,0.9990019202232361,100,2.0,SELL
1749144610000000000,AAPL,XNAS,1.0000745058059692,100,2.0,SELL
1749144611000000000,AAPL,XNAS,1.0000247955322266,100,3.0,SELL
1749144620000000000,AAPL,XNAS,0.9998042583465576,100,164.0,BUY
1749144666000000000,AAPL,XNAS,1.0000247955322266,100,108.0,SELL
1749144671000000000,AAPL,XNAS,1.0000247955322266,100,2.0,BUY
1749144677000000000,AAPL,XNAS,1.0002236366271973,100,38.0,BUY
1749144684000000000,AAPL,XNAS,1.0004721879959106,100,31.0,BUY
1749144717000000000,AAPL,XNAS,1.0001429319381714,100,224.0,SELL
1749144729000000000,AAPL,XNAS,0.9999751448631287,100,100.0,SELL
1749144732000000000,AAPL,XNAS,0.9998260736465454,100,100.0,BUY
1749144733000000000,AAPL,XNAS,0.9995874762535095,100,5.0,SELL
1749144735000000000,AAPL,XNAS,0.9994781613349915,100,105.0,SELL
1749144736000000000,AAPL,XNAS,0.9994046092033386,100,254.0,SELL
1749144737000000000,AAPL,XNAS,0.999262809753418,100,3.0,SELL
1749144742000000000,AAPL,XNAS,0.9996272921562195,100,1.0,BUY
1749144769000000000,AAPL,XNAS,0.9996786713600159,100,115.0,SELL
1749144793000000000,AAPL,XNAS,0.9997266530990601,100,2.0,BUY
1749144815000000000,AAPL,XNAS,0.9996769428253174,100,5.0,BUY
1749144853000000000,AAPL,XNAS,0.9998260736465454,100,77.0,BUY
1749144883000000000,AAPL,XNAS,0.9999751448631287,100,1.0,BUY
1749144945000000000,AAPL,XNAS,1.0003727674484253,100,17.0,BUY
1749144946000000000,AAPL,XNAS,1.000471591949463,100,102.0,BUY
1749144950000000000,AAPL,XNAS,1.0006701946258545,100,323.0,BUY
1749144981000000000,AAPL,XNAS,1.001018762588501,100,1.0,SELL
1749144982000000000,AAPL,XNAS,1.0012176036834717,100,8.0,BUY
1749145006000000000,AAPL,XNAS,1.0013667345046997,100,2.0,BUY
1749145036000000000,AAPL,XNAS,1.0011181831359863,100,5.0,BUY
1749145059000000000,AAPL,XNAS,1.001018762588501,100,203.0,SELL
1749145076000000000,AAPL,XNAS,1.000630259513855,100,518.0,BUY
1749145087000000000,AAPL,XNAS,1.000422477722168,100,102.0,SELL
1749145104000000000,AAPL,XNAS,1.0007703304290771,100,9.0,SELL
1749145192000000000,AAPL,XNAS,1.0015044212341309,100,118.0,BUY
1749145214000000000,AAPL,XNAS,1.0,100,4.0,BUY
1749145221000000000,AAPL,XNAS,1.0001885890960693,100,189.0,SELL
1749145258000000000,AAPL,XNAS,0.999811589717865,100,120.0,BUY
1749145267000000000,AAPL,XNAS,0.9999974966049194,100,95.0,SELL
1749145291000000000,AAPL,XNAS,1.0000470876693726,100,3.0,SELL
1749145333000000000,AAPL,XNAS,0.9997645020484924,100,200.0,BUY
1749145352000000000,AAPL,XNAS,0.9991993308067322,100,2.0,UNKNOWN
1749145365000000000,AAPL,XNAS,0.9989638328552246,100,37.0,SELL
1749145389000000000,AAPL,XNAS,0.9992935061454773,100,90.0,BUY
1749145391000000000,AAPL,XNAS,0.9993405938148499,100,50.0,BUY
1749145418000000000,AAPL,XNAS,0.9994348287582397,100,1.0,SELL
1749145419000000000,AAPL,XNAS,0.9997174143791199,100,1.0,BUY
1749145423000000000,AAPL,XNAS,0.9997645020484924,100,3.0,UNKNOWN
1749145426000000000,AAPL,XNAS,0.9999529123306274,100,2.0,BUY
1749145431000000000,AAPL,XNAS,0.9997174143791199,100,90.0,BUY
1749145433000000000,AAPL,XNAS,0.9995760917663574,100,100.0,BUY
1749145470000000000,AAPL,XNAS,0.9991993308067322,100,3.0,SELL
1749145471000000000,AAPL,XNAS,0.9992935061454773,100,2.0,SELL
1749145531000000000,AAPL,XNAS,0.9990580081939697,100,2.0,BUY
1749145534000000000,AAPL,XNAS,0.9985870122909546,100,102.0,SELL
1749145536000000000,AAPL,XNAS,0.9983383417129517,100,100.0,SELL
1749145549000000000,AAPL,XNAS,0.9981160759925842,100,1.0,BUY
1749145558000000000,AAPL,XNAS,0.9978334307670593,100,3.0,SELL
1749145568000000000,AAPL,XNAS,0.9979276657104492,100,10.0,SELL
1749145581000000000,AAPL,XNAS,0.9978334307670593,100,22.0,BUY
1749145583000000000,AAPL,XNAS,0.9975508451461792,100,4.0,BUY
1749145591000000000,AAPL,XNAS,0.9973153471946716,100,3.0,SELL
1749145593000000000,AAPL,XNAS,0.9972682595252991,100,22.0,BUY
1749145622000000000,AAPL,XNAS,0.9975037574768066,100,3.0,BUY
1749145635000000000,AAPL,XNAS,0.9972211718559265,100,102.0,SELL
1749145641000000000,AAPL,XNAS,0.996985137462616,100,91.0,SELL
1749145660000000000,AAPL,XNAS,0.9970327615737915,100,20.0,SELL
1749145677000000000,AAPL,XNAS,0.9967501759529114,100,1.0,SELL
1749145711000000000,AAPL,XNAS,0.9971269965171814,100,2.0,BUY
1749145723000000000,AAPL,XNAS,0.9967522621154785,100,46.0,SELL
1749145733000000000,AAPL,XNAS,0.9965617656707764,100,4.0,SELL
1749145748000000000,AAPL,XNAS,0.9964205026626587,100,52.0,SELL
1749145788000000000,AAPL,XNAS,0.9967972636222839,100,21.0,SELL
1749145796000000000,AAPL,XNAS,0.9965146780014038,100,4.0,SELL
1749145804000000000,AAPL,XNAS,1.0002793073654175,100,1.0,SELL
1749145806000000000,AAPL,XNAS,1.0002326965332031,100,70.0,BUY
1749145837000000000,AAPL,XNAS,1.0000464916229248,100,100.0,SELL
1749145852000000000,AAPL,XNAS,0.9999637007713318,100,141.0,BUY
1749145854000000000,AAPL,XNAS,0.9999068975448608,100,1.0,BUY
1749145864000000000,AAPL,XNAS,0.9998137950897217,100,1.0,UNKNOWN
1749145865000000000,AAPL,XNAS,0.9997669458389282,100,136.0,BUY
1749145866000000000,AAPL,XNAS,0.9997206926345825,100,100.0,SELL
1749145883000000000,AAPL,XNAS,0.9996742010116577,100,1.0,SELL
1749145895000000000,AAPL,XNAS,0.9995819926261902,100,102.0,SELL
1749145896000000000,AAPL,XNAS,0.999534547328949,100,5.0,SELL
1749145906000000000,AAPL,XNAS,0.9994780421257019,100,14.0,SELL
1749145912000000000,AAPL,XNAS,0.9994414448738098,100,2.0,SELL
1749145913000000000,AAPL,XNAS,0.9993948936462402,100,212.0,SELL
1749145914000000000,AAPL,XNAS,0.9993450045585632,100,42.0,BUY
1749145916000000000,AAPL,XNAS,0.9991621375083923,100,2.0,SELL
1749145939000000000,AAPL,XNAS,0.9991621375083923,100,70.0,SELL
1749145951000000000,AAPL,XNAS,0.9993017911911011,100,25.0,BUY
1749145956000000000,AAPL,XNAS,0.9993017911911011,100,305.0,SELL
1749145957000000000,AAPL,XNAS,0.9993017911911011,100,146.0,SELL
1749145959000000000,AAPL,XNAS,0.9993017911911011,100,6.0,SELL
1749146017000000000,AAPL,XNAS,0.9997672438621521,100,102.0,SELL
1749146018000000000,AAPL,XNAS,0.9997206926345825,100,20.0,SELL
1749146042000000000,AAPL,XNAS,0.9998137950897217,100,113.0,SELL
1749146074000000000,AAPL,XNAS,0.9997672438621521,100,1.0,BUY
1749146080000000000,AAPL,XNAS,0.9999068975448608,100,102.0,SELL
1749146082000000000,AAPL,XNAS,0.9998137950897217,100,6.0,SELL
1749146094000000000,AAPL,XNAS,0.9997206926345825,100,20.0,SELL
1749146117000000000,AAPL,XNAS,0.9998137950897217,100,2.0,BUY
1749146126000000000,AAPL,XNAS,0.9996004104614258,100,195.0,BUY
1749146145000000000,AAPL,XNAS,0.9993017911911011,100,35.0,BUY
1749146146000000000,AAPL,XNAS,0.9991156458854675,100,2.0,SELL
1749146163000000000,AAPL,XNAS,0.9992086887359619,100,4.0,SELL
1749146177000000000,AAPL,XNAS,0.9993483424186707,100,39.0,BUY
1749146187000000000,AAPL,XNAS,0.9992997646331787,100,462.0,SELL
1749146213000000000,AAPL,XNAS,0.999069094657898,100,5.0,BUY
1749146219000000000,AAPL,XNAS,0.9989802241325378,100,110.0,SELL
1749146232000000000,AAPL,XNAS,0.9988906383514404,100,30.0,SELL
1749146234000000000,AAPL,XNAS,0.9988828897476196,100,6.0,SELL
1749146246000000000,AAPL,XNAS,0.99883633852005,100,1.0,SELL
1749146247000000000,AAPL,XNAS,0.9988828897476196,100,1.0,BUY
1749146269000000000,AAPL,XNAS,0.9987897872924805,100,205.0,SELL
1749146278000000000,AAPL,XNAS,0.9987290501594543,100,36.0,SELL
1749146279000000000,AAPL,XNAS,0.9986501336097717,100,2.0,SELL
1749146280000000000,AAPL,XNAS,0.9986966848373413,100,102.0,SELL
1749146295000000000,AAPL,XNAS,0.9989759922027588,100,281.0,BUY
1749146307000000000,AAPL,XNAS,0.9991156458854675,100,2.0,SELL
1749146318000000000,AAPL,XNAS,0.9991621375083923,100,1.0,SELL
1749146320000000000,AAPL,XNAS,0.9991156458854675,100,20.0,SELL
1749146321000000000,AAPL,XNAS,0.999069094657898,100,200.0,SELL
1749146325000000000,AAPL,XNAS,0.9990225434303284,100,110.0,SELL
1749146334000000000,AAPL,XNAS,0.9990225434303284,100,2.0,SELL
1749146339000000000,AAPL,XNAS,0.999004602432251,100,13.0,BUY
1749146342000000000,AAPL,XNAS,0.9988828897476196,100,16.0,UNKNOWN
1749146389000000000,AAPL,XNAS,0.9987897872924805,100,1.0,UNKNOWN
1749146394000000000,AAPL,XNAS,0.9987897872924805,100,2.0,UNKNOWN
1749146426000000000,AAPL,XNAS,1.000023365020752,100,164.0,BUY
1749146463000000000,AAPL,XNAS,0.9996411204338074,100,19.0,SELL
1749146492000000000,AAPL,XNAS,1.0004230737686157,100,23.0,BUY
1749146499000000000,AAPL,XNAS,1.0000231266021729,100,44.0,SELL
1749146515000000000,AAPL,XNAS,1.0001155138015747,100,9.0,SELL
1749146537000000000,AAPL,XNAS,0.9998689889907837,100,300.0,SELL
1749146580000000000,AAPL,XNAS,0.9996995329856873,100,1.0,SELL
1749146625000000000,AAPL,XNAS,0.9994221329689026,100,206.0,SELL
1749146729000000000,AAPL,XNAS,0.9996995329856873,100,8.0,BUY
1749146749000000000,AAPL,XNAS,0.999329686164856,100,8.0,SELL
1749146752000000000,AAPL,XNAS,0.999329686164856,100,17.0,SELL
1749146792000000000,AAPL,XNAS,0.9991447925567627,100,100.0,SELL
1749146808000000000,AAPL,XNAS,0.9998015761375427,100,313.0,BUY
1749146856000000000,AAPL,XNAS,1.0001617670059204,100,51.0,BUY
1749146857000000000,AAPL,XNAS,1.0001989603042603,100,249.0,SELL
1749146881000000000,AAPL,XNAS,1.000439167022705,100,9.0,BUY
1749146982000000000,AAPL,XNAS,1.0007628202438354,100,185.0,BUY
1749146999000000000,AAPL,XNAS,1.0006240606307983,100,17.0,BUY
1749147000000000000,AAPL,XNAS,0.9982004165649414,100,2.0,BUY
1749147002000000000,AAPL,XNAS,0.9986101984977722,100,635.0,SELL
1749147007000000000,AAPL,XNAS,0.9994344115257263,100,21.0,SELL
1749147015000000000,AAPL,XNAS,0.9988174438476562,100,3.0,SELL
1749147024000000000,AAPL,XNAS,0.9979947805404663,100,25.0,SELL
1749147028000000000,AAPL,XNAS,0.9980461597442627,100,7.0,SELL
1749147032000000000,AAPL,XNAS,0.9978405237197876,100,91.0,BUY
1749147036000000000,AAPL,XNAS,0.9980461597442627,100,70.0,BUY
1749147048000000000,AAPL,XNAS,0.9983161091804504,100,4.0,BUY
1749147050000000000,AAPL,XNAS,0.9982004165649414,100,2.0,BUY
1749147060000000000,AAPL,XNAS,0.9979947805404663,100,2.0,SELL
1749147070000000000,AAPL,XNAS,0.9982004165649414,100,3.0,BUY
1749147077000000000,AAPL,XNAS,0.998303234577179,100,3.0,SELL
1749147084000000000,AAPL,XNAS,0.998303234577179,100,2.0,SELL
1749147090000000000,AAPL,XNAS,0.999180257320404,100,106.0,BUY
1749147094000000000,AAPL,XNAS,0.9988688230514526,100,2.0,SELL
1749147098000000000,AAPL,XNAS,0.9984061121940613,100,100.0,BUY
1749147103000000000,AAPL,XNAS,0.9986631870269775,100,3.0,BUY
1749147109000000000,AAPL,XNAS,0.9996058344841003,100,3.0,BUY
1749147110000000000,AAPL,XNAS,0.9997771978378296,100,3.0,BUY
1749147111000000000,AAPL,XNAS,0.9998457431793213,100,1.0,BUY
1749147126000000000,AAPL,XNAS,0.9993315935134888,100,1.0,SELL
1749147152000000000,AAPL,XNAS,0.9991258978843689,100,232.0,SELL
1749147155000000000,AAPL,XNAS,0.9990230798721313,100,100.0,BUY
1749147163000000000,AAPL,XNAS,0.9982518553733826,100,2.0,SELL
1749147194000000000,AAPL,XNAS,0.9988292455673218,100,571.0,SELL
1749147277000000000,AAPL,XNAS,0.9973263144493103,100,123.0,BUY
1749147283000000000,AAPL,XNAS,0.9972234964370728,100,3.0,SELL
1749147290000000000,AAPL,XNAS,0.997891902923584,100,207.0,SELL
1749147291000000000,AAPL,XNAS,0.997891902923584,100,30.0,SELL
1749147297000000000,AAPL,XNAS,0.9979433417320251,100,401.0,BUY
1749147309000000000,AAPL,XNAS,0.998303234577179,100,8.0,BUY
1749147317000000000,AAPL,XNAS,0.998303234577179,100,300.0,SELL
1749147321000000000,AAPL,XNAS,0.9982518553733826,100,107.0,BUY
1749147325000000000,AAPL,XNAS,0.9976862668991089,100,100.0,SELL
1749147389000000000,AAPL,XNAS,0.9972623586654663,100,127.0,SELL
1749147393000000000,AAPL,XNAS,0.9970178604125977,100,100.0,SELL
1749147403000000000,AAPL,XNAS,0.9971206784248352,100,2.0,UNKNOWN
1749147411000000000,AAPL,XNAS,0.9971206784248352,100,1.0,SELL
1749147453000000000,AAPL,XNAS,0.9977889657020569,100,506.0,SELL
1749147462000000000,AAPL,XNAS,0.9986651539802551,100,307.0,SELL
1749147463000000000,AAPL,XNAS,0.9990383386611938,100,108.0,SELL
1749147466000000000,AAPL,XNAS,0.9995402097702026,100,105.0,BUY
1749147467000000000,AAPL,XNAS,0.9996668100357056,100,50.0,BUY
1749147475000000000,AAPL,XNAS,1.000123381614685,100,5.0,SELL
1749147487000000000,AAPL,XNAS,0.9996401071548462,100,104.0,BUY
1749147523000000000,AAPL,XNAS,0.9989716410636902,100,3.0,BUY
1749147527000000000,AAPL,XNAS,0.9996912479400635,100,454.0,SELL
1749147528000000000,AAPL,XNAS,1.0009394884109497,100,125.0,SELL
1749147529000000000,AAPL,XNAS,1.0008740425109863,100,100.0,SELL
1749147533000000000,AAPL,XNAS,1.0004113912582397,100,100.0,BUY
1749147555000000000,AAPL,XNAS,1.0017482042312622,100,3.0,SELL
1749147572000000000,AAPL,XNAS,1.0014396905899048,100,101.0,BUY
1749147574000000000,AAPL,XNAS,1.00143563747406,100,63.0,SELL
1749147600000000000,AAPL,XNAS,1.0000494718551636,100,20.0,BUY
1749147614000000000,AAPL,XNAS,1.0003465414047241,100,3.0,BUY
1749147629000000000,AAPL,XNAS,1.0003762245178223,100,15.0,BUY
1749147636000000000,AAPL,XNAS,1.000586986541748,100,35.0,SELL
1749147639000000000,AAPL,XNAS,1.0014466047286987,100,225.0,SELL
1749147647000000000,AAPL,XNAS,1.0020813941955566,100,66.0,SELL
1749147662000000000,AAPL,XNAS,1.0026236772537231,100,22.0,SELL
1749147673000000000,AAPL,XNAS,1.0022296905517578,100,122.0,BUY
1749147679000000000,AAPL,XNAS,1.0020296573638916,100,1.0,SELL
1749147721000000000,AAPL,XNAS,1.0025546550750732,100,140.0,SELL
1749147722000000000,AAPL,XNAS,1.0028711557388306,100,2.0,BUY
1749147724000000000,AAPL,XNAS,1.0032671689987183,100,2.0,SELL
1749147755000000000,AAPL,XNAS,1.0027061700820923,100,300.0,BUY
1749147786000000000,AAPL,XNAS,1.0031681060791016,100,41.0,BUY
1749147787000000000,AAPL,XNAS,1.0032176971435547,100,100.0,BUY
1749147789000000000,AAPL,XNAS,1.002821683883667,100,4.0,BUY
1749147801000000000,AAPL,XNAS,1.0026731491088867,100,1.0,BUY
1749147816000000000,AAPL,XNAS,1.002129077911377,100,101.0,BUY
1749147824000000000,AAPL,XNAS,1.0016831159591675,100,1.0,SELL
1749147830000000000,AAPL,XNAS,1.0015345811843872,100,1.0,SELL
1749147837000000000,AAPL,XNAS,1.0023525953292847,100,336.0,BUY
1749147846000000000,AAPL,XNAS,1.0020791292190552,100,190.0,SELL
1749147885000000000,AAPL,XNAS,1.0027798414230347,100,134.0,BUY
1749147901000000000,AAPL,XNAS,1.0027769804000854,100,102.0,BUY
1749147902000000000,AAPL,XNAS,1.0027226209640503,100,3.0,BUY
1749147962000000000,AAPL,XNAS,1.0024256706237793,100,3.0,BUY
1749147984000000000,AAPL,XNAS,1.0024256706237793,100,1.0,BUY
1749147985000000000,AAPL,XNAS,1.0026236772537231,100,2.0,SELL
1749148010000000000,AAPL,XNAS,1.0022175312042236,100,316.0,BUY
1749148011000000000,AAPL,XNAS,1.002277135848999,100,14.0,BUY
1749148028000000000,AAPL,XNAS,1.0026236772537231,100,2.0,BUY
1749148032000000000,AAPL,XNAS,1.0023800134658813,100,101.0,BUY
1749148033000000000,AAPL,XNAS,1.0023760795593262,100,100.0,BUY
1749148041000000000,AAPL,XNAS,1.0027226209640503,100,69.0,BUY
1749148045000000000,AAPL,XNAS,1.002277135848999,100,1.0,SELL
1749148056000000000,AAPL,XNAS,1.0022276639938354,100,1.0,BUY
1749148059000000000,AAPL,XNAS,1.00257408618927,100,1.0,BUY
1749148060000000000,AAPL,XNAS,1.002575159072876,100,102.0,BUY
1749148080000000000,AAPL,XNAS,1.0023760795593262,100,20.0,BUY
1749148082000000000,AAPL,XNAS,1.0025358200073242,100,476.0,SELL
1749148089000000000,AAPL,XNAS,1.0026236772537231,100,1.0,BUY
1749148090000000000,AAPL,XNAS,1.0026236772537231,100,3.0,BUY
1749148097000000000,AAPL,XNAS,1.002821683883667,100,24.0,BUY
1749148103000000000,AAPL,XNAS,1.0028287172317505,100,28.0,BUY
1749148142000000000,AAPL,XNAS,1.0026731491088867,100,3.0,BUY
1749148164000000000,AAPL,XNAS,1.0027720928192139,100,1.0,BUY
1749148167000000000,AAPL,XNAS,1.0026731491088867,100,1.0,SELL
1749148177000000000,AAPL,XNAS,1.0030899047851562,100,243.0,BUY
1749148179000000000,AAPL,XNAS,1.0027951002120972,100,505.0,BUY
1749148431000000000,AAPL,XNAS,1.0004581212997437,100,186.0,BUY
1749148432000000000,AAPL,XNAS,0.9967710971832275,100,26.0,BUY
1749148448000000000,AAPL,XNAS,0.994602382183075,99,15.0,BUY
1749148461000000000,AAPL,XNAS,0.9928192496299744,99,1.0,SELL
1749148512000000000,AAPL,XNAS,0.996638298034668,100,1125.0,SELL
1749148515000000000,AAPL,XNAS,0.9967294335365295,100,309.0,BUY
1749148549000000000,AAPL,XNAS,0.996819257736206,100,120.0,BUY
1749148568000000000,AAPL,XNAS,0.9973976016044617,100,92.0,BUY
1749148574000000000,AAPL,XNAS,0.9971566200256348,100,2.0,BUY
1749148581000000000,AAPL,XNAS,0.9974457621574402,100,2.0,BUY
1749148606000000000,AAPL,XNAS,0.9974457621574402,100,120.0,BUY
1749148642000000000,AAPL,XNAS,0.9964622855186462,100,216.0,BUY
1749148644000000000,AAPL,XNAS,0.9959999918937683,100,201.0,BUY
1749148664000000000,AAPL,XNAS,0.9968034625053406,100,244.0,SELL
1749148666000000000,AAPL,XNAS,0.997060239315033,100,2.0,SELL
1749148701000000000,AAPL,XNAS,0.9978313446044922,100,4.0,BUY
1749148717000000000,AAPL,XNAS,0.9981041550636292,100,121.0,BUY
1749148776000000000,AAPL,XNAS,0.9981686472892761,100,133.0,BUY
1749148836000000000,AAPL,XNAS,1.000023603439331,100,100.0,SELL
1749148844000000000,AAPL,XNAS,1.0002590417861938,100,20.0,SELL
1749148852000000000,AAPL,XNAS,1.0000706911087036,100,100.0,SELL
1749148874000000000,AAPL,XNAS,1.0004475116729736,100,100.0,BUY
1749148894000000000,AAPL,XNAS,1.0001412630081177,100,200.0,SELL
1749148904000000000,AAPL,XNAS,0.9999881982803345,100,400.0,BUY
1749148924000000000,AAPL,XNAS,0.9996922016143799,100,201.0,BUY
1749148927000000000,AAPL,XNAS,0.9992699027061462,100,2.0,SELL
1749148932000000000,AAPL,XNAS,0.9991756677627563,100,1.0,SELL
1749148935000000000,AAPL,XNAS,0.9991050362586975,100,2.0,SELL
1749148944000000000,AAPL,XNAS,0.9994112253189087,100,28.0,BUY
1749148950000000000,AAPL,XNAS,0.9995054006576538,100,101.0,SELL
1749148954000000000,AAPL,XNAS,0.9993169903755188,100,23.0,SELL
1749148975000000000,AAPL,XNAS,0.9991285800933838,100,106.0,SELL
1749149014000000000,AAPL,XNAS,0.9990814924240112,100,100.0,SELL
1749149018000000000,AAPL,XNAS,0.9992227554321289,100,20.0,BUY
1749149020000000000,AAPL,XNAS,0.9990343451499939,100,1.0,SELL
1749149028000000000,AAPL,XNAS,0.9993169903755188,100,127.0,BUY
1749149070000000000,AAPL,XNAS,0.9994112253189087,100,4.0,BUY
1749149076000000000,AAPL,XNAS,0.9994112253189087,100,1.0,SELL
1749149081000000000,AAPL,XNAS,0.9993646144866943,100,91.0,SELL
1749149109000000000,AAPL,XNAS,0.9993611574172974,100,96.0,BUY
1749149115000000000,AAPL,XNAS,0.9990814924240112,100,24.0,SELL
1749149138000000000,AAPL,XNAS,0.9993169903755188,100,1.0,SELL
1749149146000000000,AAPL,XNAS,0.9989872574806213,100,9.0,SELL
1749149164000000000,AAPL,XNAS,0.9994944334030151,100,347.0,SELL
1749149169000000000,AAPL,XNAS,0.9989410638809204,100,103.0,SELL
1749149181000000000,AAPL,XNAS,0.9988920092582703,100,91.0,SELL
1749149185000000000,AAPL,XNAS,0.9990814924240112,100,94.0,SELL
1749149248000000000,AAPL,XNAS,0.9992227554321289,100,56.0,SELL
1749149262000000000,AAPL,XNAS,0.9991756677627563,100,26.0,BUY
1749149269000000000,AAPL,XNAS,0.9991285800933838,100,1.0,BUY
1749149301000000000,AAPL,XNAS,0.9988930225372314,100,90.0,SELL
1749149304000000000,AAPL,XNAS,0.9988930225372314,100,100.0,SELL
1749149315000000000,AAPL,XNAS,0.9988930225372314,100,200.0,SELL
1749149343000000000,AAPL,XNAS,0.998907208442688,100,300.0,SELL
1749149364000000000,AAPL,XNAS,0.9988930225372314,100,352.0,SELL
1749149366000000000,AAPL,XNAS,0.9988553524017334,100,500.0,SELL
1749149370000000000,AAPL,XNAS,0.9987988471984863,100,55.0,SELL
1749149371000000000,AAPL,XNAS,0.9987502694129944,100,478.0,BUY
1749149372000000000,AAPL,XNAS,0.9984691143035889,100,1.0,SELL
1749149374000000000,AAPL,XNAS,0.9984220266342163,100,1.0,SELL
1749149382000000000,AAPL,XNAS,0.9983012080192566,100,177.0,BUY
1749149384000000000,AAPL,XNAS,0.9980922937393188,100,1.0,SELL
1749149391000000000,AAPL,XNAS,0.9982336163520813,100,101.0,SELL
1749149395000000000,AAPL,XNAS,0.9982336163520813,100,100.0,BUY
1749149406000000000,AAPL,XNAS,1.0016764402389526,100,247.0,SELL
1749149417000000000,AAPL,XNAS,1.0029233694076538,100,334.0,SELL
1749149497000000000,AAPL,XNAS,1.0026262998580933,100,398.0,BUY
1749149525000000000,AAPL,XNAS,1.001468300819397,100,1.0,SELL
1749149598000000000,AAPL,XNAS,1.0017526149749756,100,1.0,SELL
1749149599000000000,AAPL,XNAS,1.0008937120437622,100,413.0,BUY
1749149624000000000,AAPL,XNAS,0.9972527623176575,100,100.0,SELL
1749149659000000000,AAPL,XNAS,0.9962641596794128,100,217.0,BUY
1749149660000000000,AAPL,XNAS,0.9957370162010193,100,1.0,UNKNOWN
1749149674000000000,AAPL,XNAS,0.9967394471168518,100,911.0,SELL
1749149677000000000,AAPL,XNAS,0.9980106353759766,100,20.0,BUY
1749149708000000000,AAPL,XNAS,0.9988023042678833,100,210.0,SELL
1749149746000000000,AAPL,XNAS,0.9965826869010925,100,497.0,BUY
1749149793000000000,AAPL,XNAS,0.9962106943130493,100,1.0,SELL
1749149800000000000,AAPL,XNAS,0.9974895715713501,100,102.0,SELL
1749149803000000000,AAPL,XNAS,0.9976790547370911,100,1.0,SELL
1749149806000000000,AAPL,XNAS,0.9977890253067017,100,59.0,SELL
1749149850000000000,AAPL,XNAS,0.9970080256462097,100,120.0,BUY
1749149886000000000,AAPL,XNAS,0.994668185710907,99,373.0,BUY
1749149917000000000,AAPL,XNAS,0.995812177658081,100,469.0,SELL
1749149924000000000,AAPL,XNAS,0.9974934458732605,100,221.0,SELL
1749149931000000000,AAPL,XNAS,0.9997557401657104,100,51.0,BUY
1749149933000000000,AAPL,XNAS,1.0004656314849854,100,106.0,SELL
1749149944000000000,AAPL,XNAS,1.001610517501831,100,1.0,SELL
1749149948000000000,AAPL,XNAS,1.002333641052246,100,509.0,SELL
1749149950000000000,AAPL,XNAS,1.002131462097168,100,200.0,SELL
1749149952000000000,AAPL,XNAS,1.002131462097168,100,200.0,SELL
1749149964000000000,AAPL,XNAS,1.0021462440490723,100,320.0,SELL
1749149988000000000,AAPL,XNAS,1.0023446083068848,100,200.0,SELL
1749149992000000000,AAPL,XNAS,1.00251042842865,100,100.0,SELL
1749149993000000000,AAPL,XNAS,1.00251042842865,100,100.0,SELL
1749149997000000000,AAPL,XNAS,1.002166986465454,100,400.0,BUY
1749150017000000000,AAPL,XNAS,1.0003440380096436,100,22.0,SELL
1749150025000000000,AAPL,XNAS,1.0007456541061401,100,220.0,BUY
1749150027000000000,AAPL,XNAS,1.0008846521377563,100,2.0,SELL
1749150028000000000,AAPL,XNAS,1.000786304473877,100,101.0,BUY
1749150050000000000,AAPL,XNAS,1.0013269186019897,100,47.0,SELL
1749150107000000000,AAPL,XNAS,1.0009828805923462,100,1.0,BUY
1749150112000000000,AAPL,XNAS,1.0002949237823486,100,26.0,SELL
1749150115000000000,AAPL,XNAS,1.0000859498977661,100,216.0,BUY
1749150117000000000,AAPL,XNAS,0.9995576739311218,100,1.0,SELL
1749150122000000000,AAPL,XNAS,1.0,100,90.0,SELL
1749150141000000000,AAPL,XNAS,1.0004836320877075,100,44.0,BUY
1749150185000000000,AAPL,XNAS,0.9998525381088257,100,90.0,BUY
1749150187000000000,AAPL,XNAS,0.9997542500495911,100,1.0,BUY
1749150229000000000,AAPL,XNAS,0.9992128610610962,100,117.0,BUY
1749150234000000000,AAPL,XNAS,0.9993646144866943,100,42.0,BUY
1749150253000000000,AAPL,XNAS,0.9993774890899658,100,135.0,SELL
1749150256000000000,AAPL,XNAS,0.9996068477630615,100,95.0,SELL
1749150329000000000,AAPL,XNAS,0.998845100402832,100,2.0,SELL
1749150388000000000,AAPL,XNAS,0.9994102716445923,100,34.0,BUY
1749150410000000000,AAPL,XNAS,0.9996559619903564,100,100.0,BUY
1749150411000000000,AAPL,XNAS,0.999805748462677,100,105.0,BUY
1749150427000000000,AAPL,XNAS,0.9998034238815308,100,2.0,SELL
1749150428000000000,AAPL,XNAS,0.9995102882385254,100,200.0,BUY
1749150472000000000,AAPL,XNAS,0.9992775917053223,100,100.0,BUY
1749150507000000000,AAPL,XNAS,0.9993119835853577,100,1.0,BUY
1749150520000000000,AAPL,XNAS,0.9986730813980103,100,112.0,SELL
1749150530000000000,AAPL,XNAS,0.9986239671707153,100,220.0,SELL
1749150536000000000,AAPL,XNAS,0.9985256791114807,100,90.0,SELL
1749150548000000000,AAPL,XNAS,0.9983782172203064,100,3.0,SELL
1749150587000000000,AAPL,XNAS,0.9983291029930115,100,1.0,SELL
1749150602000000000,AAPL,XNAS,1.0044893026351929,100,1.0,BUY
1749150606000000000,AAPL,XNAS,1.0033825635910034,100,321.0,SELL
1749150634000000000,AAPL,XNAS,1.0070945024490356,101,261.0,BUY
1749150697000000000,AAPL,XNAS,1.0070106983184814,101,8.0,SELL
1749150710000000000,AAPL,XNAS,1.0057902336120605,101,725.0,BUY
1749150722000000000,AAPL,XNAS,1.006426453590393,101,200.0,BUY
1749150723000000000,AAPL,XNAS,1.0072989463806152,101,321.0,BUY
1749150759000000000,AAPL,XNAS,1.0048168897628784,100,404.0,BUY
1749150762000000000,AAPL,XNAS,1.0037922859191895,100,3.0,SELL
1749150780000000000,AAPL,XNAS,1.0064572095870972,101,200.0,BUY
1749150808000000000,AAPL,XNAS,1.0046147108078003,100,603.0,BUY
1749150922000000000,AAPL,XNAS,1.0070720911026,101,100.0,BUY
1749150942000000000,AAPL,XNAS,1.007156252861023,101,296.0,SELL
1749150992000000000,AAPL,XNAS,1.0088555812835693,101,1.0,SELL
1749151003000000000,AAPL,XNAS,1.0088555812835693,101,1.0,SELL
1749151059000000000,AAPL,XNAS,1.0107237100601196,101,917.0,BUY
1749151065000000000,AAPL,XNAS,1.0113160610198975,101,101.0,BUY
1749151123000000000,AAPL,XNAS,1.0118688344955444,101,1.0,BUY
1749151137000000000,AAPL,XNAS,1.0130373239517212,101,200.0,BUY
1749151147000000000,AAPL,XNAS,1.0125634670257568,101,136.0,BUY
1749151154000000000,AAPL,XNAS,1.0106453895568848,101,523.0,BUY
1749151155000000000,AAPL,XNAS,1.008763313293457,101,4.0,SELL
1749151157000000000,AAPL,XNAS,1.0094245672225952,101,162.0,SELL
1749151162000000000,AAPL,XNAS,1.0102084875106812,101,1.0,SELL
1749151165000000000,AAPL,XNAS,1.0107004642486572,101,9.0,SELL
1749151219000000000,AAPL,XNAS,0.9985777735710144,100,25.0,BUY
1749151233000000000,AAPL,XNAS,0.9987505674362183,100,4.0,BUY
1749151242000000000,AAPL,XNAS,0.9988546967506409,100,310.0,BUY
1749151249000000000,AAPL,XNAS,0.9990629553794861,100,126.0,BUY
1749151260000000000,AAPL,XNAS,0.9989067912101746,100,1.0,BUY
1749151284000000000,AAPL,XNAS,0.9984382390975952,100,5.0,SELL
1749151289000000000,AAPL,XNAS,0.9988546967506409,100,5.0,BUY
1749151291000000000,AAPL,XNAS,0.9988546967506409,100,97.0,BUY
1749151298000000000,AAPL,XNAS,0.9990629553794861,100,33.0,BUY
1749151401000000000,AAPL,XNAS,0.9993299245834351,100,781.0,SELL
1749151402000000000,AAPL,XNAS,0.9993752837181091,100,31.0,SELL
1749151408000000000,AAPL,XNAS,0.9993232488632202,100,10.0,SELL
1749151409000000000,AAPL,XNAS,0.9993232488632202,100,4.0,SELL
1749151410000000000,AAPL,XNAS,0.9992711544036865,100,1.0,SELL
1749151412000000000,AAPL,XNAS,0.9996492266654968,100,80.0,BUY
1749151426000000000,AAPL,XNAS,0.9991670846939087,100,1.0,SELL
1749151440000000000,AAPL,XNAS,0.9993752837181091,100,1.0,SELL
1749151453000000000,AAPL,XNAS,0.9993752837181091,100,1.0,SELL
1749151477000000000,AAPL,XNAS,0.9992711544036865,100,33.0,SELL
1749151480000000000,AAPL,XNAS,0.9992191195487976,100,20.0,SELL
1749151488000000000,AAPL,XNAS,0.9994794130325317,100,5.0,BUY
1749151506000000000,AAPL,XNAS,0.9992711544036865,100,1.0,SELL
1749151507000000000,AAPL,XNAS,0.9993232488632202,100,101.0,SELL
1749151508000000000,AAPL,XNAS,0.9994794130325317,100,404.0,BUY
1749151537000000000,AAPL,XNAS,0.999675989151001,100,134.0,BUY
1749151618000000000,AAPL,XNAS,0.9999905228614807,100,11.0,BUY
1749151629000000000,AAPL,XNAS,1.0,100,16.0,BUY
1749151644000000000,AAPL,XNAS,0.9998958706855774,100,1.0,SELL
1749151651000000000,AAPL,XNAS,1.0001561641693115,100,50.0,BUY
1749151652000000000,AAPL,XNAS,1.0001561641693115,100,28.0,BUY
1749151657000000000,AAPL,XNAS,0.9999479651451111,100,104.0,SELL
1749151684000000000,AAPL,XNAS,0.9999081492424011,100,221.0,BUY
1749151687000000000,AAPL,XNAS,0.9997917413711548,100,42.0,SELL
1749151701000000000,AAPL,XNAS,0.9997953772544861,100,29.0,SELL
1749151702000000000,AAPL,XNAS,0.9999836683273315,100,121.0,BUY
1749151705000000000,AAPL,XNAS,1.0000171661376953,100,327.0,BUY
1749151731000000000,AAPL,XNAS,1.0001561641693115,100,200.0,SELL
1749151738000000000,AAPL,XNAS,1.0004684925079346,100,82.0,BUY
1749151760000000000,AAPL,XNAS,1.0001561641693115,100,200.0,SELL
1749151766000000000,AAPL,XNAS,1.0001561641693115,100,347.0,SELL
1749151772000000000,AAPL,XNAS,1.0001561641693115,100,1.0,SELL
1749151773000000000,AAPL,XNAS,1.0001561641693115,100,201.0,BUY
1749151778000000000,AAPL,XNAS,0.9998958706855774,100,100.0,SELL
1749151780000000000,AAPL,XNAS,0.9999479651451111,100,13.0,SELL
1749151840000000000,AAPL,XNAS,0.9995661377906799,100,114.0,SELL
1749151863000000000,AAPL,XNAS,0.9993498921394348,100,87.0,SELL
1749151899000000000,AAPL,XNAS,0.9992457032203674,100,209.0,SELL
1749151912000000000,AAPL,XNAS,0.9991689920425415,100,307.0,SELL
1749151917000000000,AAPL,XNAS,0.9991067051887512,100,110.0,SELL
1749151921000000000,AAPL,XNAS,0.9990391135215759,100,16.0,BUY
1749151940000000000,AAPL,XNAS,0.9991067051887512,100,202.0,BUY
1749151945000000000,AAPL,XNAS,0.9989656209945679,100,200.0,SELL
1749151949000000000,AAPL,XNAS,0.9988572001457214,100,147.0,BUY
1749152010000000000,AAPL,XNAS,0.999200701713562,100,105.0,BUY
1749152129000000000,AAPL,XNAS,0.9993167519569397,100,920.0,SELL
1749152211000000000,AAPL,XNAS,0.9996264576911926,100,216.0,SELL
1749152310000000000,AAPL,XNAS,0.9999059438705444,100,1.0,UNKNOWN
1749152385000000000,AAPL,XNAS,0.9999050498008728,100,100.0,BUY
1749152401000000000,AAPL,XNAS,0.9975879788398743,100,1.0,SELL
1749152437000000000,AAPL,XNAS,0.9975387454032898,100,2.0,SELL
1749152441000000000,AAPL,XNAS,0.9977849125862122,100,200.0,SELL
1749152443000000000,AAPL,XNAS,0.998056948184967,100,190.0,BUY
1749152457000000000,AAPL,XNAS,0.9980865716934204,100,93.0,SELL
1749152459000000000,AAPL,XNAS,0.9982771277427673,100,1.0,SELL
1749152471000000000,AAPL,XNAS,0.9980802536010742,100,100.0,SELL
1749152472000000000,AAPL,XNAS,0.9981786608695984,100,100.0,SELL
1749152513000000000,AAPL,XNAS,0.9985068440437317,100,300.0,SELL
1749152529000000000,AAPL,XNAS,0.9988552331924438,100,391.0,SELL
1749152538000000000,AAPL,XNAS,0.9989662766456604,100,20.0,BUY
1749152560000000000,AAPL,XNAS,0.9987694025039673,100,42.0,BUY
1749152604000000000,AAPL,XNAS,0.9990155100822449,100,10.0,BUY
1749152609000000000,AAPL,XNAS,0.9989662766456604,100,90.0,BUY
1749152633000000000,AAPL,XNAS,0.9992964267730713,100,232.0,BUY
1749152657000000000,AAPL,XNAS,0.9990647435188293,100,20.0,BUY
1749152709000000000,AAPL,XNAS,0.9985911846160889,100,116.0,SELL
1749152711000000000,AAPL,XNAS,0.998323380947113,100,198.0,SELL
1749152713000000000,AAPL,XNAS,0.9981786608695984,100,100.0,SELL
1749152770000000000,AAPL,XNAS,0.9981294870376587,100,1.0,SELL
1749152771000000000,AAPL,XNAS,0.9982278943061829,100,55.0,SELL
1749152808000000000,AAPL,XNAS,0.9985998272895813,100,223.0,BUY
1749152822000000000,AAPL,XNAS,0.9981786608695984,100,20.0,SELL
1749152849000000000,AAPL,XNAS,0.9979817867279053,100,103.0,SELL
1749152851000000000,AAPL,XNAS,0.9981294870376587,100,200.0,SELL
1749152890000000000,AAPL,XNAS,0.9985724687576294,100,104.0,BUY
1749152902000000000,AAPL,XNAS,0.9979034066200256,100,442.0,SELL
1749152930000000000,AAPL,XNAS,0.9977849125862122,100,100.0,SELL
1749152944000000000,AAPL,XNAS,0.9977356791496277,100,2.0,SELL
1749152959000000000,AAPL,XNAS,0.9976864457130432,100,1.0,SELL
1749152983000000000,AAPL,XNAS,0.9978340864181519,100,208.0,SELL
1749153132000000000,AAPL,XNAS,1.001480221748352,100,3.0,SELL
1749153143000000000,AAPL,XNAS,1.001237154006958,100,238.0,BUY
1749153244000000000,AAPL,XNAS,1.0008050203323364,100,46.0,SELL
1749153248000000000,AAPL,XNAS,1.0008050203323364,100,65.0,BUY
1749153249000000000,AAPL,XNAS,1.00026273727417,100,186.0,SELL
1749153267000000000,AAPL,XNAS,1.0002357959747314,100,122.0,SELL
1749153303000000000,AAPL,XNAS,1.0006189346313477,100,218.0,SELL
1749153324000000000,AAPL,XNAS,1.0010128021240234,100,5.0,BUY
1749153335000000000,AAPL,XNAS,1.001272439956665,100,26.0,BUY
1749153420000000000,AAPL,XNAS,1.0016672611236572,100,10.0,SELL
1749153495000000000,AAPL,XNAS,1.0019476413726807,100,153.0,BUY
1749153496000000000,AAPL,XNAS,1.0021554231643677,100,5.0,SELL
1749153586000000000,AAPL,XNAS,1.003142237663269,100,25.0,SELL
1749153608000000000,AAPL,XNAS,1.0005172491073608,100,900.0,SELL
1749153609000000000,AAPL,XNAS,1.0000752210617065,100,51.0,SELL
1749153610000000000,AAPL,XNAS,1.000677227973938,100,1.0,BUY
1749153611000000000,AAPL,XNAS,1.0002427101135254,100,254.0,BUY
1749153613000000000,AAPL,XNAS,0.9993196129798889,100,293.0,SELL
1749153650000000000,AAPL,XNAS,0.9991204142570496,100,310.0,BUY
1749153706000000000,AAPL,XNAS,0.9970744848251343,100,320.0,SELL
1749153722000000000,AAPL,XNAS,0.9990217089653015,100,47.0,SELL
1749153746000000000,AAPL,XNAS,0.998465895652771,100,380.0,BUY
1749153747000000000,AAPL,XNAS,0.997767448425293,100,2.0,SELL
1749153751000000000,AAPL,XNAS,0.997767448425293,100,3.0,BUY
1749153783000000000,AAPL,XNAS,0.9982691407203674,100,17.0,SELL
1749153794000000000,AAPL,XNAS,0.997667133808136,100,54.0,UNKNOWN
1749153822000000000,AAPL,XNAS,0.9975785613059998,100,158.0,SELL
1749153855000000000,AAPL,XNAS,0.9976169466972351,100,20.0,SELL
1749153868000000000,AAPL,XNAS,0.9989213347434998,100,17.0,BUY
1749153884000000000,AAPL,XNAS,0.9989213347434998,100,1.0,BUY
1749153899000000000,AAPL,XNAS,0.9989213347434998,100,40.0,SELL
1749153919000000000,AAPL,XNAS,0.9989213347434998,100,7.0,SELL
1749153942000000000,AAPL,XNAS,0.9984424114227295,100,629.0,BUY
1749153944000000000,AAPL,XNAS,0.9977173209190369,100,100.0,SELL
1749153946000000000,AAPL,XNAS,0.9977173209190369,100,100.0,SELL
1749153947000000000,AAPL,XNAS,0.997667133808136,100,6.0,SELL
1749153970000000000,AAPL,XNAS,0.9976553916931152,100,184.0,BUY
1749153971000000000,AAPL,XNAS,0.9967139363288879,100,139.0,SELL
1749153973000000000,AAPL,XNAS,0.9966384172439575,100,202.0,SELL
1749153976000000000,AAPL,XNAS,0.9959613680839539,100,102.0,SELL
1749153977000000000,AAPL,XNAS,0.9960115551948547,100,101.0,SELL
1749153979000000000,AAPL,XNAS,0.995911180973053,100,19.0,SELL
1749153995000000000,AAPL,XNAS,0.9973753094673157,100,322.0,SELL
1749154133000000000,AAPL,XNAS,1.002557635307312,100,104.0,SELL
1749154155000000000,AAPL,XNAS,1.0020318031311035,100,100.0,SELL
1749154176000000000,AAPL,XNAS,1.0010032653808594,100,201.0,SELL
1749154188000000000,AAPL,XNAS,1.0029758214950562,100,27.0,SELL
1749154206000000000,AAPL,XNAS,0.9995042681694031,100,1.0,BUY
1749154225000000000,AAPL,XNAS,0.9995635747909546,100,112.0,BUY
1749154230000000000,AAPL,XNAS,0.9998459815979004,100,112.0,BUY
1749154234000000000,AAPL,XNAS,0.9999992251396179,100,65.0,BUY
1749154241000000000,AAPL,XNAS,1.0001379251480103,100,138.0,SELL
1749154301000000000,AAPL,XNAS,1.000198245048523,100,1.0,SELL
1749154310000000000,AAPL,XNAS,1.0002473592758179,100,90.0,BUY
1749154313000000000,AAPL,XNAS,1.0000495910644531,100,10.0,BUY
1749154314000000000,AAPL,XNAS,1.0000991821289062,100,90.0,SELL
1749154348000000000,AAPL,XNAS,1.0003470182418823,100,10.0,BUY
1749154349000000000,AAPL,XNAS,1.0003994703292847,100,103.0,BUY
1749154355000000000,AAPL,XNAS,1.0004462003707886,100,35.0,SELL
1749154366000000000,AAPL,XNAS,1.0006444454193115,100,38.0,BUY
1749154383000000000,AAPL,XNAS,1.0007268190383911,100,221.0,SELL
1749154438000000000,AAPL,XNAS,1.0014910697937012,100,103.0,SELL
1749154452000000000,AAPL,XNAS,1.0017846822738647,100,42.0,BUY
1749154481000000000,AAPL,XNAS,1.0015367269515991,100,1.0,SELL
1749154498000000000,AAPL,XNAS,1.0016359090805054,100,1.0,BUY
1749154531000000000,AAPL,XNAS,1.0014376640319824,100,1.0,SELL
1749154542000000000,AAPL,XNAS,1.0013880729675293,100,1.0,BUY
1749154543000000000,AAPL,XNAS,1.0014376640319824,100,20.0,BUY
1749154559000000000,AAPL,XNAS,1.0013880729675293,100,1.0,UNKNOWN
1749154564000000000,AAPL,XNAS,1.0016359090805054,100,10.0,BUY
1749154577000000000,AAPL,XNAS,1.0016855001449585,100,18.0,BUY
1749154593000000000,AAPL,XNAS,1.0012269020080566,100,8.0,BUY
1749154600000000000,AAPL,XNAS,1.0011897087097168,100,1.0,SELL
1749154641000000000,AAPL,XNAS,1.0013880729675293,100,1.0,BUY
1749154653000000000,AAPL,XNAS,1.0014872550964355,100,2.0,BUY
1749154661000000000,AAPL,XNAS,1.0013384819030762,100,1.0,SELL
1749154685000000000,AAPL,XNAS,1.0014046430587769,100,3.0,BUY
1749154690000000000,AAPL,XNAS,1.0013728141784668,100,13.0,BUY
1749154697000000000,AAPL,XNAS,1.00153386592865,100,170.0,BUY
1749154708000000000,AAPL,XNAS,1.0015367269515991,100,27.0,BUY
1749154723000000000,AAPL,XNAS,1.0013384819030762,100,1.0,SELL
1749154732000000000,AAPL,XNAS,1.0012534856796265,100,7.0,SELL
1749154745000000000,AAPL,XNAS,1.00123929977417,100,1.0,SELL
1749154757000000000,AAPL,XNAS,1.0013880729675293,100,1.0,BUY
1749154780000000000,AAPL,XNAS,1.0014872550964355,100,200.0,BUY
1749154831000000000,AAPL,XNAS,1.0016636848449707,100,205.0,SELL
1749154845000000000,AAPL,XNAS,1.0022403001785278,100,2.0,BUY
1749154852000000000,AAPL,XNAS,1.0023553371429443,100,126.0,SELL
1749154855000000000,AAPL,XNAS,1.0023952722549438,100,400.0,BUY
1749154910000000000,AAPL,XNAS,1.0013346672058105,100,117.0,SELL
1749155112000000000,AAPL,XNAS,1.0020973682403564,100,150.0,SELL
1749155135000000000,AAPL,XNAS,1.0021926164627075,100,25.0,BUY
1749155263000000000,AAPL,XNAS,1.001549243927002,100,578.0,SELL
1749155278000000000,AAPL,XNAS,1.0013346672058105,100,16.0,SELL
1749155279000000000,AAPL,XNAS,1.0009533166885376,100,15.0,SELL
1749155284000000000,AAPL,XNAS,1.0013823509216309,100,5.0,BUY
1749155285000000000,AAPL,XNAS,1.0011916160583496,100,48.0,SELL
1749155286000000000,AAPL,XNAS,1.0011916160583496,100,45.0,SELL
1749155288000000000,AAPL,XNAS,1.001001000404358,100,61.0,SELL
1749155353000000000,AAPL,XNAS,1.0008103847503662,100,24.0,SELL
