ts_ns,symbol,venue,level,side,price,price_ticks,size,num_orders
1749564000000000000,AAPL,XNAS,1,1,0.999113917350769,100,90.0,1
1749564000000000000,AAPL,XNAS,1,-1,1.0006399154663086,100,104.0,1
1749564000000000000,AAPL,XNAS,2,1,0.9990646839141846,100,139.0,1
1749564000000000000,AAPL,XNAS,2,-1,1.0008368492126465,100,25.0,1
1749564002000000000,AAPL,XNAS,1,1,0.999606192111969,100,90.0,1
1749564002000000000,AAPL,XNAS,1,-1,1.0006399154663086,100,104.0,1
1749564002000000000,AAPL,XNAS,2,1,0.9994584918022156,100,200.0,1
1749564002000000000,AAPL,XNAS,2,-1,1.0008368492126465,100,25.0,1
1749564003000000000,AAPL,XNAS,1,1,0.999606192111969,100,90.0,1
1749564003000000000,AAPL,XNAS,1,-1,1.0006399154663086,100,104.0,1
1749564003000000000,AAPL,XNAS,2,1,0.9994584918022156,100,300.0,2
1749564003000000000,AAPL,XNAS,2,-1,1.0008368492126465,100,25.0,1
1749564005000000000,AAPL,XNAS,1,1,0.999606192111969,100,90.0,1
1749564005000000000,AAPL,XNAS,1,-1,1.0006399154663086,100,104.0,1
1749564005000000000,AAPL,XNAS,2,1,0.9994584918022156,100,139.0,1
1749564005000000000,AAPL,XNAS,2,-1,1.0008368492126465,100,25.0,1
1749564006000000000,AAPL,XNAS,1,1,0.999606192111969,100,129.0,1
1749564006000000000,AAPL,XNAS,1,-1,1.0006399154663086,100,104.0,1
1749564006000000000,AAPL,XNAS,2,1,0.9994584918022156,100,101.0,1
1749564006000000000,AAPL,XNAS,2,-1,1.0008368492126465,100,25.0,1
1749564007000000000,AAPL,XNAS,1,1,0.9997538924217224,100,108.0,1
1749564007000000000,AAPL,XNAS,1,-1,1.0009845495224,100,24.0,1
1749564007000000000,AAPL,XNAS,2,1,0.9996554255485535,100,200.0,1
1749564007000000000,AAPL,XNAS,2,-1,1.0010337829589844,100,84.0,1
1749564008000000000,AAPL,XNAS,1,1,0.9997538924217224,100,108.0,1
1749564008000000000,AAPL,XNAS,1,-1,1.0009845495224,100,24.0,1
1749564008000000000,AAPL,XNAS,2,1,0.9996554255485535,100,200.0,1
1749564008000000000,AAPL,XNAS,2,-1,1.0010337829589844,100,84.0,1
1749564009000000000,AAPL,XNAS,1,1,0.9997538924217224,100,108.0,1
1749564009000000000,AAPL,XNAS,1,-1,1.0009845495224,100,24.0,1
1749564009000000000,AAPL,XNAS,2,1,0.9996554255485535,100,200.0,1
1749564009000000000,AAPL,XNAS,2,-1,1.0010337829589844,100,84.0,1
1749564010000000000,AAPL,XNAS,1,1,0.9997538924217224,100,108.0,1
1749564010000000000,AAPL,XNAS,1,-1,1.0009845495224,100,24.0,1
1749564010000000000,AAPL,XNAS,2,1,0.9994584918022156,100,100.0,1
1749564010000000000,AAPL,XNAS,2,-1,1.0010337829589844,100,84.0,1
1749564011000000000,AAPL,XNAS,1,1,0.9997538924217224,100,147.0,1
1749564011000000000,AAPL,XNAS,1,-1,1.0009845495224,100,24.0,1
1749564011000000000,AAPL,XNAS,2,1,0.9994584918022156,100,101.0,1
1749564011000000000,AAPL,XNAS,2,-1,1.0010337829589844,100,84.0,1
1749564014000000000,AAPL,XNAS,1,1,0.9997538924217224,100,147.0,1
1749564014000000000,AAPL,XNAS,1,-1,1.0009353160858154,100,5.0,1
1749564014000000000,AAPL,XNAS,2,1,0.9997046589851379,100,24.0,1
1749564014000000000,AAPL,XNAS,2,-1,1.0009845495224,100,24.0,1
1749564016000000000,AAPL,XNAS,1,1,0.9997538924217224,100,147.0,1
1749564016000000000,AAPL,XNAS,1,-1,1.0009353160858154,100,5.0,1
1749564016000000000,AAPL,XNAS,2,1,0.9997046589851379,100,24.0,1
1749564016000000000,AAPL,XNAS,2,-1,1.0010337829589844,100,84.0,1
1749564023000000000,AAPL,XNAS,1,1,1.000196933746338,100,90.0,1
1749564023000000000,AAPL,XNAS,1,-1,1.000787615776062,100,1.0,1
1749564023000000000,AAPL,XNAS,2,1,0.9998030662536621,100,100.0,1
1749564023000000000,AAPL,XNAS,2,-1,1.0009353160858154,100,5.0,1
1749564024000000000,AAPL,XNAS,1,1,1.000196933746338,100,90.0,1
1749564024000000000,AAPL,XNAS,1,-1,1.000787615776062,100,1.0,1
1749564024000000000,AAPL,XNAS,2,1,0.9998030662536621,100,100.0,1
1749564024000000000,AAPL,XNAS,2,-1,1.0010337829589844,100,84.0,1
1749564026000000000,AAPL,XNAS,1,1,0.999901533126831,100,90.0,1
1749564026000000000,AAPL,XNAS,1,-1,1.000787615776062,100,17.0,1
1749564026000000000,AAPL,XNAS,2,1,0.9998522996902466,100,39.0,1
1749564026000000000,AAPL,XNAS,2,-1,1.0010337829589844,100,84.0,1
1749564027000000000,AAPL,XNAS,1,1,0.999901533126831,100,90.0,1
1749564027000000000,AAPL,XNAS,1,-1,1.000787615776062,100,17.0,1
1749564027000000000,AAPL,XNAS,2,1,0.9998522996902466,100,139.0,1
1749564027000000000,AAPL,XNAS,2,-1,1.0010337829589844,100,84.0,1
1749564056000000000,AAPL,XNAS,1,1,1.0008368492126465,100,90.0,1
1749564056000000000,AAPL,XNAS,1,-1,1.001772165298462,100,100.0,1
1749564056000000000,AAPL,XNAS,2,1,1.0004922151565552,100,25.0,1
1749564056000000000,AAPL,XNAS,2,-1,1.0019198656082153,100,100.0,1
1749564057000000000,AAPL,XNAS,1,1,1.0008368492126465,100,90.0,1
1749564057000000000,AAPL,XNAS,1,-1,1.001772165298462,100,100.0,1
1749564057000000000,AAPL,XNAS,2,1,1.0004922151565552,100,25.0,1
1749564057000000000,AAPL,XNAS,2,-1,1.0021660327911377,100,100.0,1
1749564058000000000,AAPL,XNAS,1,1,1.0008368492126465,100,90.0,1
1749564058000000000,AAPL,XNAS,1,-1,1.001772165298462,100,100.0,1
1749564058000000000,AAPL,XNAS,2,1,1.0005414485931396,100,100.0,1
1749564058000000000,AAPL,XNAS,2,-1,1.0021660327911377,100,100.0,1
1749564061000000000,AAPL,XNAS,1,1,1.0008368492126465,100,90.0,1
1749564061000000000,AAPL,XNAS,1,-1,1.0017229318618774,100,90.0,1
1749564061000000000,AAPL,XNAS,2,1,1.0005414485931396,100,140.0,1
1749564061000000000,AAPL,XNAS,2,-1,1.001772165298462,100,100.0,1
1749564062000000000,AAPL,XNAS,1,1,1.0008368492126465,100,90.0,1
1749564062000000000,AAPL,XNAS,1,-1,1.001772165298462,100,100.0,1
1749564062000000000,AAPL,XNAS,2,1,1.0005414485931396,100,140.0,1
1749564062000000000,AAPL,XNAS,2,-1,1.0026090145111084,100,25.0,1
1749564078000000000,AAPL,XNAS,1,1,1.0008368492126465,100,108.0,1
1749564078000000000,AAPL,XNAS,1,-1,1.001772165298462,100,114.0,1
1749564078000000000,AAPL,XNAS,2,1,1.0005414485931396,100,100.0,1
1749564078000000000,AAPL,XNAS,2,-1,1.0026090145111084,100,25.0,1
1749564079000000000,AAPL,XNAS,1,1,1.0008368492126465,100,208.0,1
1749564079000000000,AAPL,XNAS,1,-1,1.001772165298462,100,114.0,1
1749564079000000000,AAPL,XNAS,2,1,1.0005906820297241,100,1.0,1
1749564079000000000,AAPL,XNAS,2,-1,1.0026090145111084,100,25.0,1
1749564082000000000,AAPL,XNAS,1,1,1.0008368492126465,100,308.0,2
1749564082000000000,AAPL,XNAS,1,-1,1.001772165298462,100,114.0,1
1749564082000000000,AAPL,XNAS,2,1,1.0005906820297241,100,40.0,1
1749564082000000000,AAPL,XNAS,2,-1,1.0026090145111084,100,25.0,1
1749564086000000000,AAPL,XNAS,1,1,1.0008368492126465,100,308.0,2
1749564086000000000,AAPL,XNAS,1,-1,1.001772165298462,100,135.0,1
1749564086000000000,AAPL,XNAS,2,1,1.0005414485931396,100,40.0,1
1749564086000000000,AAPL,XNAS,2,-1,1.0026090145111084,100,25.0,1
1749564087000000000,AAPL,XNAS,1,1,1.0008368492126465,100,308.0,2
1749564087000000000,AAPL,XNAS,1,-1,1.001772165298462,100,135.0,1
1749564087000000000,AAPL,XNAS,2,1,1.0004922151565552,100,265.0,2
1749564087000000000,AAPL,XNAS,2,-1,1.0026090145111084,100,25.0,1
1749564093000000000,AAPL,XNAS,1,1,1.0008368492126465,100,290.0,2
1749564093000000000,AAPL,XNAS,1,-1,1.001772165298462,100,135.0,1
1749564093000000000,AAPL,XNAS,2,1,1.0004922151565552,100,265.0,2
1749564093000000000,AAPL,XNAS,2,-1,1.0026090145111084,100,25.0,1
1749564097000000000,AAPL,XNAS,1,1,1.0008368492126465,100,290.0,2
1749564097000000000,AAPL,XNAS,1,-1,1.001772165298462,100,135.0,1
1749564097000000000,AAPL,XNAS,2,1,1.0005414485931396,100,3.0,1
1749564097000000000,AAPL,XNAS,2,-1,1.0026090145111084,100,25.0,1
1749564102000000000,AAPL,XNAS,1,1,1.0013291835784912,100,290.0,2
1749564102000000000,AAPL,XNAS,1,-1,1.002362847328186,100,2.0,1
1749564102000000000,AAPL,XNAS,2,1,1.0012799501419067,100,126.0,1
1749564102000000000,AAPL,XNAS,2,-1,1.0034458637237549,100,24.0,1
1749564103000000000,AAPL,XNAS,1,1,1.0014275312423706,100,90.0,1
1749564103000000000,AAPL,XNAS,1,-1,1.002362847328186,100,2.0,1
1749564103000000000,AAPL,XNAS,2,1,1.0013784170150757,100,103.0,1
1749564103000000000,AAPL,XNAS,2,-1,1.0032981634140015,100,32.0,1
1749564104000000000,AAPL,XNAS,1,1,1.0013291835784912,100,100.0,1
1749564104000000000,AAPL,XNAS,1,-1,1.0020675659179688,100,90.0,1
1749564104000000000,AAPL,XNAS,2,1,1.0012799501419067,100,100.0,1
1749564104000000000,AAPL,XNAS,2,-1,1.0022644996643066,100,100.0,1
1749564105000000000,AAPL,XNAS,1,1,1.0013291835784912,100,101.0,1
1749564105000000000,AAPL,XNAS,1,-1,1.0020675659179688,100,90.0,1
1749564105000000000,AAPL,XNAS,2,1,1.0012799501419067,100,100.0,1
1749564105000000000,AAPL,XNAS,2,-1,1.0022644996643066,100,100.0,1
1749564127000000000,AAPL,XNAS,1,1,1.0013291835784912,100,101.0,1
1749564127000000000,AAPL,XNAS,1,-1,1.0020675659179688,100,90.0,1
1749564127000000000,AAPL,XNAS,2,1,1.0012799501419067,100,100.0,1
1749564127000000000,AAPL,XNAS,2,-1,1.0022644996643066,100,106.0,1
1749564128000000000,AAPL,XNAS,1,1,1.0013291835784912,100,201.0,1
1749564128000000000,AAPL,XNAS,1,-1,1.0020675659179688,100,90.0,1
1749564128000000000,AAPL,XNAS,2,1,1.0012799501419067,100,100.0,1
1749564128000000000,AAPL,XNAS,2,-1,1.0022644996643066,100,106.0,1
1749564131000000000,AAPL,XNAS,1,1,1.0013291835784912,100,197.0,1
1749564131000000000,AAPL,XNAS,1,-1,1.0020675659179688,100,90.0,1
1749564131000000000,AAPL,XNAS,2,1,1.0012799501419067,100,100.0,1
1749564131000000000,AAPL,XNAS,2,-1,1.0022644996643066,100,106.0,1
1749564142000000000,AAPL,XNAS,1,1,1.0013784170150757,100,108.0,1
1749564142000000000,AAPL,XNAS,1,-1,1.0022644996643066,100,6.0,1
1749564142000000000,AAPL,XNAS,2,1,1.0013291835784912,100,196.0,1
1749564142000000000,AAPL,XNAS,2,-1,1.002362847328186,100,2.0,1
1749564143000000000,AAPL,XNAS,1,1,1.0013784170150757,100,208.0,1
1749564143000000000,AAPL,XNAS,1,-1,1.0022644996643066,100,6.0,1
1749564143000000000,AAPL,XNAS,2,1,1.0013291835784912,100,196.0,1
1749564143000000000,AAPL,XNAS,2,-1,1.002362847328186,100,2.0,1
1749564145000000000,AAPL,XNAS,1,1,1.0013784170150757,100,191.0,1
1749564145000000000,AAPL,XNAS,1,-1,1.0022644996643066,100,6.0,1
1749564145000000000,AAPL,XNAS,2,1,1.0013291835784912,100,196.0,1
1749564145000000000,AAPL,XNAS,2,-1,1.002362847328186,100,2.0,1
1749564146000000000,AAPL,XNAS,1,1,1.0013784170150757,100,191.0,1
1749564146000000000,AAPL,XNAS,1,-1,1.0022644996643066,100,6.0,1
1749564146000000000,AAPL,XNAS,2,1,1.0013291835784912,100,196.0,1
1749564146000000000,AAPL,XNAS,2,-1,1.002362847328186,100,2.0,1
1749564147000000000,AAPL,XNAS,1,1,1.0013784170150757,100,101.0,1
1749564147000000000,AAPL,XNAS,1,-1,1.0022644996643066,100,6.0,1
1749564147000000000,AAPL,XNAS,2,1,1.0013291835784912,100,196.0,1
1749564147000000000,AAPL,XNAS,2,-1,1.002362847328186,100,2.0,1
1749564149000000000,AAPL,XNAS,1,1,1.0013784170150757,100,140.0,1
1749564149000000000,AAPL,XNAS,1,-1,1.0020183324813843,100,90.0,1
1749564149000000000,AAPL,XNAS,2,1,1.0013291835784912,100,196.0,1
1749564149000000000,AAPL,XNAS,2,-1,1.0022644996643066,100,6.0,1
1749564162000000000,AAPL,XNAS,1,1,1.0015259981155396,100,97.0,1
1749564162000000000,AAPL,XNAS,1,-1,1.0022644996643066,100,6.0,1
1749564162000000000,AAPL,XNAS,2,1,1.001476764678955,100,100.0,1
1749564162000000000,AAPL,XNAS,2,-1,1.0026090145111084,100,26.0,1
1749564164000000000,AAPL,XNAS,1,1,1.0015259981155396,100,97.0,1
1749564164000000000,AAPL,XNAS,1,-1,1.0022644996643066,100,6.0,1
1749564164000000000,AAPL,XNAS,2,1,1.001476764678955,100,107.0,1
1749564164000000000,AAPL,XNAS,2,-1,1.0026090145111084,100,26.0,1
1749564165000000000,AAPL,XNAS,1,1,1.0015259981155396,100,97.0,1
1749564165000000000,AAPL,XNAS,1,-1,1.0022644996643066,100,6.0,1
1749564165000000000,AAPL,XNAS,2,1,1.001476764678955,100,207.0,1
1749564165000000000,AAPL,XNAS,2,-1,1.0026090145111084,100,26.0,1
1749564166000000000,AAPL,XNAS,1,1,1.0015259981155396,100,97.0,1
1749564166000000000,AAPL,XNAS,1,-1,1.0022644996643066,100,6.0,1
1749564166000000000,AAPL,XNAS,2,1,1.001476764678955,100,207.0,1
1749564166000000000,AAPL,XNAS,2,-1,1.0026090145111084,100,26.0,1
1749564170000000000,AAPL,XNAS,1,1,1.0013291835784912,100,96.0,1
1749564170000000000,AAPL,XNAS,1,-1,1.0018213987350464,100,24.0,1
1749564170000000000,AAPL,XNAS,2,1,1.0012799501419067,100,100.0,1
1749564170000000000,AAPL,XNAS,2,-1,1.0021167993545532,100,98.0,1
1749564177000000000,AAPL,XNAS,1,1,1.0013291835784912,100,96.0,1
1749564177000000000,AAPL,XNAS,1,-1,1.001772165298462,100,90.0,1
1749564177000000000,AAPL,XNAS,2,1,1.0012799501419067,100,100.0,1
1749564177000000000,AAPL,XNAS,2,-1,1.0018213987350464,100,24.0,1
1749564178000000000,AAPL,XNAS,1,1,1.0013291835784912,100,96.0,1
1749564178000000000,AAPL,XNAS,1,-1,1.001772165298462,100,55.0,1
1749564178000000000,AAPL,XNAS,2,1,1.0012799501419067,100,100.0,1
1749564178000000000,AAPL,XNAS,2,-1,1.0018213987350464,100,24.0,1
1749564180000000000,AAPL,XNAS,1,1,1.0013784170150757,100,90.0,1
1749564180000000000,AAPL,XNAS,1,-1,1.0021167993545532,100,24.0,1
1749564180000000000,AAPL,XNAS,2,1,1.0013291835784912,100,96.0,1
1749564180000000000,AAPL,XNAS,2,-1,1.0021660327911377,100,86.0,1
1749564187000000000,AAPL,XNAS,1,1,1.0013784170150757,100,90.0,1
1749564187000000000,AAPL,XNAS,1,-1,1.0021167993545532,100,24.0,1
1749564187000000000,AAPL,XNAS,2,1,1.0013291835784912,100,96.0,1
1749564187000000000,AAPL,XNAS,2,-1,1.0026090145111084,100,26.0,1
1749564190000000000,AAPL,XNAS,1,1,1.0013784170150757,100,90.0,1
1749564190000000000,AAPL,XNAS,1,-1,1.0021167993545532,100,24.0,1
1749564190000000000,AAPL,XNAS,2,1,1.0013291835784912,100,96.0,1
1749564190000000000,AAPL,XNAS,2,-1,1.0026090145111084,100,26.0,1
1749564191000000000,AAPL,XNAS,1,1,1.0013784170150757,100,108.0,1
1749564191000000000,AAPL,XNAS,1,-1,1.002559781074524,100,100.0,1
1749564191000000000,AAPL,XNAS,2,1,1.0013291835784912,100,96.0,1
1749564191000000000,AAPL,XNAS,2,-1,1.0026090145111084,100,126.0,1
1749564192000000000,AAPL,XNAS,1,1,1.0013784170150757,100,90.0,1
1749564192000000000,AAPL,XNAS,1,-1,1.002559781074524,100,100.0,1
1749564192000000000,AAPL,XNAS,2,1,1.0013291835784912,100,96.0,1
1749564192000000000,AAPL,XNAS,2,-1,1.0026090145111084,100,26.0,1
1749564193000000000,AAPL,XNAS,1,1,1.0013784170150757,100,90.0,1
1749564193000000000,AAPL,XNAS,1,-1,1.0023137331008911,100,10.0,1
1749564193000000000,AAPL,XNAS,2,1,1.0013291835784912,100,96.0,1
1749564193000000000,AAPL,XNAS,2,-1,1.0026090145111084,100,26.0,1
1749564195000000000,AAPL,XNAS,1,1,1.0013784170150757,100,90.0,1
1749564195000000000,AAPL,XNAS,1,-1,1.0023137331008911,100,10.0,1
1749564195000000000,AAPL,XNAS,2,1,1.0013291835784912,100,96.0,1
1749564195000000000,AAPL,XNAS,2,-1,1.0026090145111084,100,26.0,1
1749564197000000000,AAPL,XNAS,1,1,1.0013784170150757,100,90.0,1
1749564197000000000,AAPL,XNAS,1,-1,1.0023137331008911,100,110.0,1
1749564197000000000,AAPL,XNAS,2,1,1.0013291835784912,100,96.0,1
1749564197000000000,AAPL,XNAS,2,-1,1.0026090145111084,100,26.0,1
1749564198000000000,AAPL,XNAS,1,1,1.0013784170150757,100,90.0,1
1749564198000000000,AAPL,XNAS,1,-1,1.0023137331008911,100,10.0,1
1749564198000000000,AAPL,XNAS,2,1,1.0013291835784912,100,96.0,1
1749564198000000000,AAPL,XNAS,2,-1,1.0026090145111084,100,26.0,1
1749564199000000000,AAPL,XNAS,1,1,1.0013784170150757,100,90.0,1
1749564199000000000,AAPL,XNAS,1,-1,1.0025105476379395,100,100.0,1
1749564199000000000,AAPL,XNAS,2,1,1.0013291835784912,100,96.0,1
1749564199000000000,AAPL,XNAS,2,-1,1.002559781074524,100,24.0,1
1749564200000000000,AAPL,XNAS,1,1,1.0013784170150757,100,90.0,1
1749564200000000000,AAPL,XNAS,1,-1,1.0025105476379395,100,110.0,1
1749564200000000000,AAPL,XNAS,2,1,1.0013291835784912,100,96.0,1
1749564200000000000,AAPL,XNAS,2,-1,1.002559781074524,100,124.0,1
1749564201000000000,AAPL,XNAS,1,1,1.0013784170150757,100,90.0,1
1749564201000000000,AAPL,XNAS,1,-1,1.0021660327911377,100,22.0,1
1749564201000000000,AAPL,XNAS,2,1,1.0013291835784912,100,96.0,1
1749564201000000000,AAPL,XNAS,2,-1,1.0023137331008911,100,10.0,1
1749564202000000000,AAPL,XNAS,1,1,1.0013784170150757,100,90.0,1
1749564202000000000,AAPL,XNAS,1,-1,1.0021660327911377,100,22.0,1
1749564202000000000,AAPL,XNAS,2,1,1.0013291835784912,100,96.0,1
1749564202000000000,AAPL,XNAS,2,-1,1.002559781074524,100,134.0,1
1749564206000000000,AAPL,XNAS,1,1,1.0013784170150757,100,90.0,1
1749564206000000000,AAPL,XNAS,1,-1,1.0022644996643066,100,90.0,1
1749564206000000000,AAPL,XNAS,2,1,1.0013291835784912,100,96.0,1
1749564206000000000,AAPL,XNAS,2,-1,1.002559781074524,100,34.0,1
1749564209000000000,AAPL,XNAS,1,1,1.0013784170150757,100,90.0,1
1749564209000000000,AAPL,XNAS,1,-1,1.0025105476379395,100,110.0,1
1749564209000000000,AAPL,XNAS,2,1,1.0013291835784912,100,96.0,1
1749564209000000000,AAPL,XNAS,2,-1,1.002559781074524,100,24.0,1
1749564212000000000,AAPL,XNAS,1,1,1.0013784170150757,100,90.0,1
1749564212000000000,AAPL,XNAS,1,-1,1.0025105476379395,100,100.0,1
1749564212000000000,AAPL,XNAS,2,1,1.0013291835784912,100,96.0,1
1749564212000000000,AAPL,XNAS,2,-1,1.002559781074524,100,24.0,1
1749564225000000000,AAPL,XNAS,1,1,1.0013784170150757,100,90.0,1
1749564225000000000,AAPL,XNAS,1,-1,1.0022152662277222,100,20.0,1
1749564225000000000,AAPL,XNAS,2,1,1.0013291835784912,100,96.0,1
1749564225000000000,AAPL,XNAS,2,-1,1.002559781074524,100,24.0,1
1749564239000000000,AAPL,XNAS,1,1,1.0013291835784912,100,96.0,1
1749564239000000000,AAPL,XNAS,1,-1,1.0021167993545532,100,90.0,1
1749564239000000000,AAPL,XNAS,2,1,1.0012799501419067,100,300.0,2
1749564239000000000,AAPL,XNAS,2,-1,1.0021660327911377,100,98.0,1
1749564240000000000,AAPL,XNAS,1,1,1.0013784170150757,100,90.0,1
1749564240000000000,AAPL,XNAS,1,-1,1.0024120807647705,100,20.0,1
1749564240000000000,AAPL,XNAS,2,1,1.0013291835784912,100,96.0,1
1749564240000000000,AAPL,XNAS,2,-1,1.002559781074524,100,24.0,1
1749564243000000000,AAPL,XNAS,1,1,1.0013784170150757,100,90.0,1
1749564243000000000,AAPL,XNAS,1,-1,1.0024120807647705,100,118.0,1
1749564243000000000,AAPL,XNAS,2,1,1.0013291835784912,100,96.0,1
1749564243000000000,AAPL,XNAS,2,-1,1.002559781074524,100,24.0,1
1749564244000000000,AAPL,XNAS,1,1,1.0013784170150757,100,90.0,1
1749564244000000000,AAPL,XNAS,1,-1,1.0022644996643066,100,188.0,1
1749564244000000000,AAPL,XNAS,2,1,1.0013291835784912,100,96.0,1
1749564244000000000,AAPL,XNAS,2,-1,1.0024120807647705,100,108.0,1
1749564247000000000,AAPL,XNAS,1,1,1.0013784170150757,100,90.0,1
1749564247000000000,AAPL,XNAS,1,-1,1.0022644996643066,100,188.0,1
1749564247000000000,AAPL,XNAS,2,1,1.0013291835784912,100,96.0,1
1749564247000000000,AAPL,XNAS,2,-1,1.0024120807647705,100,200.0,1
1749564248000000000,AAPL,XNAS,1,1,1.0013784170150757,100,90.0,1
1749564248000000000,AAPL,XNAS,1,-1,1.0022644996643066,100,188.0,1
1749564248000000000,AAPL,XNAS,2,1,1.0013291835784912,100,96.0,1
1749564248000000000,AAPL,XNAS,2,-1,1.0024120807647705,100,190.0,1
1749564252000000000,AAPL,XNAS,1,1,1.0013291835784912,100,96.0,1
1749564252000000000,AAPL,XNAS,1,-1,1.0021660327911377,100,188.0,1
1749564252000000000,AAPL,XNAS,2,1,1.0012799501419067,100,301.0,2
1749564252000000000,AAPL,XNAS,2,-1,1.0022152662277222,100,98.0,1
1749564253000000000,AAPL,XNAS,1,1,1.0013291835784912,100,96.0,1
1749564253000000000,AAPL,XNAS,1,-1,1.0020675659179688,100,225.0,1
1749564253000000000,AAPL,XNAS,2,1,1.0012799501419067,100,300.0,2
1749564253000000000,AAPL,XNAS,2,-1,1.0021167993545532,100,98.0,1
1749564255000000000,AAPL,XNAS,1,1,1.0013784170150757,100,90.0,1
1749564255000000000,AAPL,XNAS,1,-1,1.0020675659179688,100,98.0,1
1749564255000000000,AAPL,XNAS,2,1,1.0013291835784912,100,96.0,1
1749564255000000000,AAPL,XNAS,2,-1,1.0021167993545532,100,98.0,1
1749564256000000000,AAPL,XNAS,1,1,1.0013784170150757,100,90.0,1
1749564256000000000,AAPL,XNAS,1,-1,1.0020675659179688,100,159.0,1
1749564256000000000,AAPL,XNAS,2,1,1.0013291835784912,100,96.0,1
1749564256000000000,AAPL,XNAS,2,-1,1.0021167993545532,100,98.0,1
1749564257000000000,AAPL,XNAS,1,1,1.0013291835784912,100,96.0,1
1749564257000000000,AAPL,XNAS,1,-1,1.0020675659179688,100,159.0,1
1749564257000000000,AAPL,XNAS,2,1,1.0012799501419067,100,300.0,2
1749564257000000000,AAPL,XNAS,2,-1,1.0021167993545532,100,98.0,1
1749564258000000000,AAPL,XNAS,1,1,1.0013291835784912,100,96.0,1
1749564258000000000,AAPL,XNAS,1,-1,1.0020675659179688,100,159.0,1
1749564258000000000,AAPL,XNAS,2,1,1.0012799501419067,100,300.0,2
1749564258000000000,AAPL,XNAS,2,-1,1.0021167993545532,100,108.0,1
1749564279000000000,AAPL,XNAS,1,1,1.0004922151565552,100,400.0,3
1749564279000000000,AAPL,XNAS,1,-1,1.0012307167053223,100,108.0,1
1749564279000000000,AAPL,XNAS,2,1,1.0003446340560913,100,1.0,1
1749564279000000000,AAPL,XNAS,2,-1,1.001476764678955,100,100.0,1
1749564280000000000,AAPL,XNAS,1,1,1.0004922151565552,100,300.0,2
1749564280000000000,AAPL,XNAS,1,-1,1.0012307167053223,100,108.0,1
1749564280000000000,AAPL,XNAS,2,1,1.0003446340560913,100,1.0,1
1749564280000000000,AAPL,XNAS,2,-1,1.001476764678955,100,100.0,1
1749564284000000000,AAPL,XNAS,1,1,1.0004922151565552,100,370.0,3
1749564284000000000,AAPL,XNAS,1,-1,1.0012307167053223,100,108.0,1
1749564284000000000,AAPL,XNAS,2,1,1.0003446340560913,100,1.0,1
1749564284000000000,AAPL,XNAS,2,-1,1.001476764678955,100,100.0,1
1749564286000000000,AAPL,XNAS,1,1,1.0005414485931396,100,90.0,1
1749564286000000000,AAPL,XNAS,1,-1,1.0015259981155396,100,5.0,1
1749564286000000000,AAPL,XNAS,2,1,1.0004922151565552,100,370.0,3
1749564286000000000,AAPL,XNAS,2,-1,1.0018706321716309,100,26.0,1
1749564287000000000,AAPL,XNAS,1,1,1.0005414485931396,100,90.0,1
1749564287000000000,AAPL,XNAS,1,-1,1.0010337829589844,100,2.0,1
1749564287000000000,AAPL,XNAS,2,1,1.0004922151565552,100,370.0,3
1749564287000000000,AAPL,XNAS,2,-1,1.0015259981155396,100,5.0,1
1749564289000000000,AAPL,XNAS,1,1,1.0008368492126465,100,90.0,1
1749564289000000000,AAPL,XNAS,1,-1,1.0015259981155396,100,5.0,1
1749564289000000000,AAPL,XNAS,2,1,1.0005906820297241,100,100.0,1
1749564289000000000,AAPL,XNAS,2,-1,1.0018706321716309,100,26.0,1
1749564291000000000,AAPL,XNAS,1,1,1.0005414485931396,100,90.0,1
1749564291000000000,AAPL,XNAS,1,-1,1.0015259981155396,100,105.0,1
1749564291000000000,AAPL,XNAS,2,1,1.0004922151565552,100,370.0,3
1749564291000000000,AAPL,XNAS,2,-1,1.0018706321716309,100,26.0,1
1749564292000000000,AAPL,XNAS,1,1,1.0005414485931396,100,90.0,1
1749564292000000000,AAPL,XNAS,1,-1,1.0015259981155396,100,105.0,1
1749564292000000000,AAPL,XNAS,2,1,1.0004922151565552,100,370.0,3
1749564292000000000,AAPL,XNAS,2,-1,1.0018706321716309,100,26.0,1
1749564293000000000,AAPL,XNAS,1,1,1.0005414485931396,100,290.0,2
1749564293000000000,AAPL,XNAS,1,-1,1.0015259981155396,100,5.0,1
1749564293000000000,AAPL,XNAS,2,1,1.0004922151565552,100,370.0,3
1749564293000000000,AAPL,XNAS,2,-1,1.0018706321716309,100,26.0,1
1749564294000000000,AAPL,XNAS,1,1,1.0005414485931396,100,100.0,1
1749564294000000000,AAPL,XNAS,1,-1,1.0011814832687378,100,90.0,1
1749564294000000000,AAPL,XNAS,2,1,1.0004922151565552,100,370.0,3
1749564294000000000,AAPL,XNAS,2,-1,1.0015259981155396,100,5.0,1
1749564297000000000,AAPL,XNAS,1,1,1.0005414485931396,100,170.0,1
1749564297000000000,AAPL,XNAS,1,-1,1.0011814832687378,100,90.0,1
1749564297000000000,AAPL,XNAS,2,1,1.0004922151565552,100,300.0,2
1749564297000000000,AAPL,XNAS,2,-1,1.0015259981155396,100,5.0,1
1749564299000000000,AAPL,XNAS,1,1,1.0005414485931396,100,70.0,1
1749564299000000000,AAPL,XNAS,1,-1,1.0011814832687378,100,90.0,1
1749564299000000000,AAPL,XNAS,2,1,1.0004922151565552,100,300.0,2
1749564299000000000,AAPL,XNAS,2,-1,1.0015259981155396,100,5.0,1
1749564301000000000,AAPL,XNAS,1,1,1.0005906820297241,100,90.0,1
1749564301000000000,AAPL,XNAS,1,-1,1.0015259981155396,100,5.0,1
1749564301000000000,AAPL,XNAS,2,1,1.0005414485931396,100,70.0,1
1749564301000000000,AAPL,XNAS,2,-1,1.0016244649887085,100,3.0,1
1749564302000000000,AAPL,XNAS,1,1,1.0005906820297241,100,90.0,1
1749564302000000000,AAPL,XNAS,1,-1,1.0015259981155396,100,5.0,1
1749564302000000000,AAPL,XNAS,2,1,1.0004922151565552,100,370.0,3
1749564302000000000,AAPL,XNAS,2,-1,1.0016244649887085,100,3.0,1
1749564307000000000,AAPL,XNAS,1,1,1.0005906820297241,100,90.0,1
1749564307000000000,AAPL,XNAS,1,-1,1.0015259981155396,100,5.0,1
1749564307000000000,AAPL,XNAS,2,1,1.0004922151565552,100,370.0,3
1749564307000000000,AAPL,XNAS,2,-1,1.0016244649887085,100,179.0,1
1749564310000000000,AAPL,XNAS,1,1,1.0004922151565552,100,370.0,3
1749564310000000000,AAPL,XNAS,1,-1,1.0011814832687378,100,90.0,1
1749564310000000000,AAPL,XNAS,2,1,1.0003446340560913,100,1.0,1
1749564310000000000,AAPL,XNAS,2,-1,1.0015259981155396,100,5.0,1
1749564311000000000,AAPL,XNAS,1,1,1.0004922151565552,100,370.0,3
1749564311000000000,AAPL,XNAS,1,-1,1.0010830163955688,100,90.0,1
1749564311000000000,AAPL,XNAS,2,1,1.0003446340560913,100,1.0,1
1749564311000000000,AAPL,XNAS,2,-1,1.0011322498321533,100,100.0,1
1749564317000000000,AAPL,XNAS,1,1,1.0005414485931396,100,90.0,1
1749564317000000000,AAPL,XNAS,1,-1,1.0010830163955688,100,100.0,1
1749564317000000000,AAPL,XNAS,2,1,1.0004922151565552,100,370.0,3
1749564317000000000,AAPL,XNAS,2,-1,1.0011322498321533,100,100.0,1
1749564319000000000,AAPL,XNAS,1,1,1.0005414485931396,100,90.0,1
1749564319000000000,AAPL,XNAS,1,-1,1.0010830163955688,100,100.0,1
1749564319000000000,AAPL,XNAS,2,1,1.0004922151565552,100,370.0,3
1749564319000000000,AAPL,XNAS,2,-1,1.0012799501419067,100,95.0,1
1749564320000000000,AAPL,XNAS,1,1,1.0004922151565552,100,370.0,3
1749564320000000000,AAPL,XNAS,1,-1,1.0012799501419067,100,95.0,1
1749564320000000000,AAPL,XNAS,2,1,1.0003446340560913,100,1.0,1
1749564320000000000,AAPL,XNAS,2,-1,1.0013291835784912,100,107.0,1
1749564327000000000,AAPL,XNAS,1,1,1.000196933746338,100,1.0,1
1749564327000000000,AAPL,XNAS,1,-1,1.000689148902893,100,108.0,1
1749564327000000000,AAPL,XNAS,2,1,1.0000492334365845,100,1.0,1
1749564327000000000,AAPL,XNAS,2,-1,1.0009353160858154,100,210.0,1
1749564330000000000,AAPL,XNAS,1,1,1.000196933746338,100,1.0,1
1749564330000000000,AAPL,XNAS,1,-1,1.000689148902893,100,90.0,1
1749564330000000000,AAPL,XNAS,2,1,1.0000492334365845,100,1.0,1
1749564330000000000,AAPL,XNAS,2,-1,1.0009353160858154,100,100.0,1
1749564339000000000,AAPL,XNAS,1,1,1.0000492334365845,100,1.0,1
1749564339000000000,AAPL,XNAS,1,-1,1.000787615776062,100,90.0,1
1749564339000000000,AAPL,XNAS,2,1,0.9999507665634155,100,1.0,1
1749564339000000000,AAPL,XNAS,2,-1,1.000886082649231,100,6.0,1
1749564342000000000,AAPL,XNAS,1,1,0.9989662170410156,100,1.0,1
1749564342000000000,AAPL,XNAS,1,-1,0.9997538924217224,100,108.0,1
1749564342000000000,AAPL,XNAS,2,1,0.9986216425895691,100,1.0,1
1749564342000000000,AAPL,XNAS,2,-1,1.000098466873169,100,100.0,1
1749564343000000000,AAPL,XNAS,1,1,0.9986708760261536,100,190.0,1
1749564343000000000,AAPL,XNAS,1,-1,1.0002461671829224,100,2.0,1
1749564343000000000,AAPL,XNAS,2,1,0.9986216425895691,100,1.0,1
1749564343000000000,AAPL,XNAS,2,-1,1.0003938674926758,100,25.0,1
1749564344000000000,AAPL,XNAS,1,1,0.9986708760261536,100,90.0,1
1749564344000000000,AAPL,XNAS,1,-1,0.9997046589851379,100,100.0,1
1749564344000000000,AAPL,XNAS,2,1,0.9986216425895691,100,1.0,1
1749564344000000000,AAPL,XNAS,2,-1,1.0002461671829224,100,2.0,1
1749564345000000000,AAPL,XNAS,1,1,0.9986708760261536,100,90.0,1
1749564345000000000,AAPL,XNAS,1,-1,0.9997046589851379,100,200.0,1
1749564345000000000,AAPL,XNAS,2,1,0.9986216425895691,100,1.0,1
1749564345000000000,AAPL,XNAS,2,-1,1.0002461671829224,100,2.0,1
1749564355000000000,AAPL,XNAS,1,1,0.9986708760261536,100,90.0,1
1749564355000000000,AAPL,XNAS,1,-1,0.9997046589851379,100,209.0,1
1749564355000000000,AAPL,XNAS,2,1,0.9986216425895691,100,1.0,1
1749564355000000000,AAPL,XNAS,2,-1,1.0002461671829224,100,2.0,1
1749564357000000000,AAPL,XNAS,1,1,0.9986708760261536,100,90.0,1
1749564357000000000,AAPL,XNAS,1,-1,0.9997046589851379,100,209.0,1
1749564357000000000,AAPL,XNAS,2,1,0.9986216425895691,100,1.0,1
1749564357000000000,AAPL,XNAS,2,-1,0.9998030662536621,100,89.0,1
1749564358000000000,AAPL,XNAS,1,1,0.9986216425895691,100,1.0,1
1749564358000000000,AAPL,XNAS,1,-1,0.9992616176605225,100,90.0,1
1749564358000000000,AAPL,XNAS,2,1,0.9981786012649536,100,26.0,1
1749564358000000000,AAPL,XNAS,2,-1,0.999606192111969,100,25.0,1
1749564359000000000,AAPL,XNAS,1,1,0.9986216425895691,100,1.0,1
1749564359000000000,AAPL,XNAS,1,-1,0.9992616176605225,100,120.0,1
1749564359000000000,AAPL,XNAS,2,1,0.9981786012649536,100,26.0,1
1749564359000000000,AAPL,XNAS,2,-1,0.999606192111969,100,25.0,1
1749564360000000000,AAPL,XNAS,1,1,0.9986708760261536,100,90.0,1
1749564360000000000,AAPL,XNAS,1,-1,0.9992616176605225,100,39.0,1
1749564360000000000,AAPL,XNAS,2,1,0.9986216425895691,100,1.0,1
1749564360000000000,AAPL,XNAS,2,-1,0.999606192111969,100,25.0,1
1749564362000000000,AAPL,XNAS,1,1,0.9986708760261536,100,90.0,1
1749564362000000000,AAPL,XNAS,1,-1,0.9992616176605225,100,39.0,1
1749564362000000000,AAPL,XNAS,2,1,0.9986216425895691,100,1.0,1
1749564362000000000,AAPL,XNAS,2,-1,0.9993107914924622,100,20.0,1
1749564363000000000,AAPL,XNAS,1,1,0.9986216425895691,100,1.0,1
1749564363000000000,AAPL,XNAS,1,-1,0.999212384223938,100,90.0,1
1749564363000000000,AAPL,XNAS,2,1,0.9981786012649536,100,26.0,1
1749564363000000000,AAPL,XNAS,2,-1,0.9992616176605225,100,59.0,1
1749564365000000000,AAPL,XNAS,1,1,0.9986216425895691,100,1.0,1
1749564365000000000,AAPL,XNAS,1,-1,0.999212384223938,100,100.0,1
1749564365000000000,AAPL,XNAS,2,1,0.9981786012649536,100,26.0,1
1749564365000000000,AAPL,XNAS,2,-1,0.9992616176605225,100,29.0,1
1749564366000000000,AAPL,XNAS,1,1,0.9982278347015381,100,90.0,1
1749564366000000000,AAPL,XNAS,1,-1,0.9991631507873535,100,100.0,1
1749564366000000000,AAPL,XNAS,2,1,0.9976863265037537,100,1.0,1
1749564366000000000,AAPL,XNAS,2,-1,0.999212384223938,100,10.0,1
1749564368000000000,AAPL,XNAS,1,1,0.9982278347015381,100,90.0,1
1749564368000000000,AAPL,XNAS,1,-1,0.9991631507873535,100,100.0,1
1749564368000000000,AAPL,XNAS,2,1,0.9976863265037537,100,1.0,1
1749564368000000000,AAPL,XNAS,2,-1,0.999212384223938,100,20.0,1
1749564371000000000,AAPL,XNAS,1,1,0.9982278347015381,100,90.0,1
1749564371000000000,AAPL,XNAS,1,-1,0.9991631507873535,100,100.0,1
1749564371000000000,AAPL,XNAS,2,1,0.9976863265037537,100,1.0,1
1749564371000000000,AAPL,XNAS,2,-1,0.999212384223938,100,10.0,1
1749564378000000000,AAPL,XNAS,1,1,0.9981293678283691,100,90.0,1
1749564378000000000,AAPL,XNAS,1,-1,0.9988677501678467,100,90.0,1
1749564378000000000,AAPL,XNAS,2,1,0.9976863265037537,100,1.0,1
1749564378000000000,AAPL,XNAS,2,-1,0.9989169836044312,100,20.0,1
1749564381000000000,AAPL,XNAS,1,1,0.9976863265037537,100,1.0,1
1749564381000000000,AAPL,XNAS,1,-1,0.998818576335907,100,90.0,1
1749564381000000000,AAPL,XNAS,2,1,0.9973417520523071,100,26.0,1
1749564381000000000,AAPL,XNAS,2,-1,0.9988677501678467,100,20.0,1
1749564382000000000,AAPL,XNAS,1,1,0.9977355599403381,100,100.0,1
1749564382000000000,AAPL,XNAS,1,-1,0.9987693428993225,100,90.0,1
1749564382000000000,AAPL,XNAS,2,1,0.9976863265037537,100,1.0,1
1749564382000000000,AAPL,XNAS,2,-1,0.998818576335907,100,20.0,1
1749564383000000000,AAPL,XNAS,1,1,0.9977355599403381,100,90.0,1
1749564383000000000,AAPL,XNAS,1,-1,0.9983754754066467,100,90.0,1
1749564383000000000,AAPL,XNAS,2,1,0.9976863265037537,100,1.0,1
1749564383000000000,AAPL,XNAS,2,-1,0.9984247088432312,100,20.0,1
1749564384000000000,AAPL,XNAS,1,1,0.9977355599403381,100,90.0,1
1749564384000000000,AAPL,XNAS,1,-1,0.9984247088432312,100,20.0,1
1749564384000000000,AAPL,XNAS,2,1,0.9976863265037537,100,1.0,1
1749564384000000000,AAPL,XNAS,2,-1,0.998720109462738,100,109.0,1
1749564392000000000,AAPL,XNAS,1,1,0.9977355599403381,100,90.0,1
1749564392000000000,AAPL,XNAS,1,-1,0.9984247088432312,100,20.0,1
1749564392000000000,AAPL,XNAS,2,1,0.9976863265037537,100,40.0,1
1749564392000000000,AAPL,XNAS,2,-1,0.998720109462738,100,109.0,1
1749564393000000000,AAPL,XNAS,1,1,0.9977355599403381,100,90.0,1
1749564393000000000,AAPL,XNAS,1,-1,0.9984247088432312,100,20.0,1
1749564393000000000,AAPL,XNAS,2,1,0.9976863265037537,100,1.0,1
1749564393000000000,AAPL,XNAS,2,-1,0.9985724091529846,100,10.0,1
1749564395000000000,AAPL,XNAS,1,1,0.9977355599403381,100,90.0,1
1749564395000000000,AAPL,XNAS,1,-1,0.9984247088432312,100,20.0,1
1749564395000000000,AAPL,XNAS,2,1,0.9976863265037537,100,1.0,1
1749564395000000000,AAPL,XNAS,2,-1,0.998720109462738,100,119.0,1
1749564396000000000,AAPL,XNAS,1,1,0.9977355599403381,100,90.0,1
1749564396000000000,AAPL,XNAS,1,-1,0.9984247088432312,100,30.0,1
1749564396000000000,AAPL,XNAS,2,1,0.9976863265037537,100,1.0,1
1749564396000000000,AAPL,XNAS,2,-1,0.998720109462738,100,109.0,1
1749564399000000000,AAPL,XNAS,1,1,0.9982770681381226,100,90.0,1
1749564399000000000,AAPL,XNAS,1,-1,0.998720109462738,100,9.0,1
1749564399000000000,AAPL,XNAS,2,1,0.9981293678283691,100,200.0,1
1749564399000000000,AAPL,XNAS,2,-1,0.9991631507873535,100,100.0,1
1749564400000000000,AAPL,XNAS,1,1,0.9982770681381226,100,90.0,1
1749564400000000000,AAPL,XNAS,1,-1,0.998720109462738,100,9.0,1
1749564400000000000,AAPL,XNAS,2,1,0.9981293678283691,100,300.0,2
1749564400000000000,AAPL,XNAS,2,-1,0.9991631507873535,100,100.0,1
1749564402000000000,AAPL,XNAS,1,1,0.9982770681381226,100,90.0,1
1749564402000000000,AAPL,XNAS,1,-1,0.999113917350769,100,90.0,1
1749564402000000000,AAPL,XNAS,2,1,0.9981293678283691,100,139.0,1
1749564402000000000,AAPL,XNAS,2,-1,0.9991631507873535,100,109.0,1
1749564405000000000,AAPL,XNAS,1,1,0.9982770681381226,100,90.0,1
1749564405000000000,AAPL,XNAS,1,-1,0.999113917350769,100,90.0,1
1749564405000000000,AAPL,XNAS,2,1,0.9981786012649536,100,25.0,1
1749564405000000000,AAPL,XNAS,2,-1,0.9991631507873535,100,109.0,1
1749564407000000000,AAPL,XNAS,1,1,0.9982770681381226,100,90.0,1
1749564407000000000,AAPL,XNAS,1,-1,0.999113917350769,100,90.0,1
1749564407000000000,AAPL,XNAS,2,1,0.9981293678283691,100,139.0,1
1749564407000000000,AAPL,XNAS,2,-1,0.9991631507873535,100,109.0,1
1749564408000000000,AAPL,XNAS,1,1,0.9982770681381226,100,90.0,1
1749564408000000000,AAPL,XNAS,1,-1,0.9991631507873535,100,109.0,1
1749564408000000000,AAPL,XNAS,2,1,0.9981293678283691,100,139.0,1
1749564408000000000,AAPL,XNAS,2,-1,0.9993107914924622,100,1.0,1
1749564409000000000,AAPL,XNAS,1,1,0.9982770681381226,100,90.0,1
1749564409000000000,AAPL,XNAS,1,-1,0.9991631507873535,100,109.0,1
1749564409000000000,AAPL,XNAS,2,1,0.9981786012649536,100,25.0,1
1749564409000000000,AAPL,XNAS,2,-1,0.9993107914924622,100,1.0,1
1749564413000000000,AAPL,XNAS,1,1,0.9982770681381226,100,90.0,1
1749564413000000000,AAPL,XNAS,1,-1,0.9991631507873535,100,109.0,1
1749564413000000000,AAPL,XNAS,2,1,0.9981293678283691,100,139.0,1
1749564413000000000,AAPL,XNAS,2,-1,0.9993107914924622,100,1.0,1
1749564414000000000,AAPL,XNAS,1,1,0.9982770681381226,100,90.0,1
1749564414000000000,AAPL,XNAS,1,-1,0.9991631507873535,100,109.0,1
1749564414000000000,AAPL,XNAS,2,1,0.9981293678283691,100,164.0,1
1749564414000000000,AAPL,XNAS,2,-1,0.9993107914924622,100,1.0,1
1749564417000000000,AAPL,XNAS,1,1,0.9982770681381226,100,90.0,1
1749564417000000000,AAPL,XNAS,1,-1,0.9991631507873535,100,109.0,1
1749564417000000000,AAPL,XNAS,2,1,0.9981786012649536,100,39.0,1
1749564417000000000,AAPL,XNAS,2,-1,0.9993107914924622,100,1.0,1
1749564419000000000,AAPL,XNAS,1,1,0.9982770681381226,100,90.0,1
1749564419000000000,AAPL,XNAS,1,-1,0.9991631507873535,100,109.0,1
1749564419000000000,AAPL,XNAS,2,1,0.9981786012649536,100,39.0,1
1749564419000000000,AAPL,XNAS,2,-1,0.9993107914924622,100,1.0,1
1749564422000000000,AAPL,XNAS,1,1,0.9982770681381226,100,90.0,1
1749564422000000000,AAPL,XNAS,1,-1,0.9991631507873535,100,100.0,1
1749564422000000000,AAPL,XNAS,2,1,0.9981786012649536,100,139.0,1
1749564422000000000,AAPL,XNAS,2,-1,0.9993107914924622,100,1.0,1
1749564427000000000,AAPL,XNAS,1,1,0.9982770681381226,100,90.0,1
1749564427000000000,AAPL,XNAS,1,-1,0.999113917350769,100,99.0,1
1749564427000000000,AAPL,XNAS,2,1,0.9981293678283691,100,264.0,2
1749564427000000000,AAPL,XNAS,2,-1,0.9991631507873535,100,100.0,1
1749564428000000000,AAPL,XNAS,1,1,0.9982770681381226,100,90.0,1
1749564428000000000,AAPL,XNAS,1,-1,0.999113917350769,100,9.0,1
1749564428000000000,AAPL,XNAS,2,1,0.9981293678283691,100,264.0,2
1749564428000000000,AAPL,XNAS,2,-1,0.9991631507873535,100,100.0,1
1749564431000000000,AAPL,XNAS,1,1,0.9982770681381226,100,90.0,1
1749564431000000000,AAPL,XNAS,1,-1,0.9991631507873535,100,100.0,1
1749564431000000000,AAPL,XNAS,2,1,0.9981293678283691,100,264.0,2
1749564431000000000,AAPL,XNAS,2,-1,0.9993107914924622,100,93.0,1
1749564441000000000,AAPL,XNAS,1,1,0.9983754754066467,100,190.0,1
1749564441000000000,AAPL,XNAS,1,-1,0.9991631507873535,100,100.0,1
1749564441000000000,AAPL,XNAS,2,1,0.998326301574707,100,200.0,1
1749564441000000000,AAPL,XNAS,2,-1,0.9993107914924622,100,93.0,1
1749564442000000000,AAPL,XNAS,1,1,0.998818576335907,100,108.0,1
1749564442000000000,AAPL,XNAS,1,-1,0.9993107914924622,100,93.0,1
1749564442000000000,AAPL,XNAS,2,1,0.9984247088432312,100,300.0,2
1749564442000000000,AAPL,XNAS,2,-1,0.9994092583656311,100,165.0,1
1749564445000000000,AAPL,XNAS,1,1,0.998818576335907,100,108.0,1
1749564445000000000,AAPL,XNAS,1,-1,0.9993107914924622,100,93.0,1
1749564445000000000,AAPL,XNAS,2,1,0.9984247088432312,100,100.0,1
1749564445000000000,AAPL,XNAS,2,-1,0.9994092583656311,100,165.0,1
1749564446000000000,AAPL,XNAS,1,1,0.9984739422798157,100,100.0,1
1749564446000000000,AAPL,XNAS,1,-1,0.9993107914924622,100,93.0,1
1749564446000000000,AAPL,XNAS,2,1,0.9984247088432312,100,100.0,1
1749564446000000000,AAPL,XNAS,2,-1,0.9994092583656311,100,165.0,1
1749564447000000000,AAPL,XNAS,1,1,0.9985231757164001,100,108.0,1
1749564447000000000,AAPL,XNAS,1,-1,0.9993107914924622,100,93.0,1
1749564447000000000,AAPL,XNAS,2,1,0.9984247088432312,100,100.0,1
1749564447000000000,AAPL,XNAS,2,-1,0.9994092583656311,100,165.0,1
1749564452000000000,AAPL,XNAS,1,1,0.9984247088432312,100,100.0,1
1749564452000000000,AAPL,XNAS,1,-1,0.9991631507873535,100,90.0,1
1749564452000000000,AAPL,XNAS,2,1,0.9981293678283691,100,125.0,1
1749564452000000000,AAPL,XNAS,2,-1,0.9993107914924622,100,93.0,1
1749564469000000000,AAPL,XNAS,1,1,0.9985724091529846,100,90.0,1
1749564469000000000,AAPL,XNAS,1,-1,0.9993107914924622,100,93.0,1
1749564469000000000,AAPL,XNAS,2,1,0.9984247088432312,100,100.0,1
1749564469000000000,AAPL,XNAS,2,-1,0.9994092583656311,100,165.0,1
1749564475000000000,AAPL,XNAS,1,1,0.9984247088432312,100,100.0,1
1749564475000000000,AAPL,XNAS,1,-1,0.9991631507873535,100,90.0,1
1749564475000000000,AAPL,XNAS,2,1,0.9981293678283691,100,125.0,1
1749564475000000000,AAPL,XNAS,2,-1,0.9993107914924622,100,93.0,1
1749564479000000000,AAPL,XNAS,1,1,0.9984247088432312,100,100.0,1
1749564479000000000,AAPL,XNAS,1,-1,0.9991631507873535,100,90.0,1
1749564479000000000,AAPL,XNAS,2,1,0.9981293678283691,100,100.0,1
1749564479000000000,AAPL,XNAS,2,-1,0.9993107914924622,100,93.0,1
1749564482000000000,AAPL,XNAS,1,1,0.9982770681381226,100,100.0,1
1749564482000000000,AAPL,XNAS,1,-1,0.9990646839141846,100,114.0,1
1749564482000000000,AAPL,XNAS,2,1,0.9981293678283691,100,100.0,1
1749564482000000000,AAPL,XNAS,2,-1,0.9993107914924622,100,93.0,1
1749564483000000000,AAPL,XNAS,1,1,0.9982770681381226,100,100.0,1
1749564483000000000,AAPL,XNAS,1,-1,0.9990646839141846,100,90.0,1
1749564483000000000,AAPL,XNAS,2,1,0.9981293678283691,100,100.0,1
1749564483000000000,AAPL,XNAS,2,-1,0.9993107914924622,100,93.0,1
1749564484000000000,AAPL,XNAS,1,1,0.9984247088432312,100,90.0,1
1749564484000000000,AAPL,XNAS,1,-1,0.9990646839141846,100,90.0,1
1749564484000000000,AAPL,XNAS,2,1,0.9982770681381226,100,100.0,1
1749564484000000000,AAPL,XNAS,2,-1,0.9993107914924622,100,93.0,1
1749564485000000000,AAPL,XNAS,1,1,0.9984247088432312,100,90.0,1
1749564485000000000,AAPL,XNAS,1,-1,0.9991631507873535,100,90.0,1
1749564485000000000,AAPL,XNAS,2,1,0.9982770681381226,100,100.0,1
1749564485000000000,AAPL,XNAS,2,-1,0.9993107914924622,100,93.0,1
1749564487000000000,AAPL,XNAS,1,1,0.9984247088432312,100,90.0,1
1749564487000000000,AAPL,XNAS,1,-1,0.9991631507873535,100,90.0,1
1749564487000000000,AAPL,XNAS,2,1,0.9983754754066467,100,100.0,1
1749564487000000000,AAPL,XNAS,2,-1,0.9993107914924622,100,1.0,1
1749564491000000000,AAPL,XNAS,1,1,0.9984247088432312,100,90.0,1
1749564491000000000,AAPL,XNAS,1,-1,0.9992616176605225,100,24.0,1
1749564491000000000,AAPL,XNAS,2,1,0.9983754754066467,100,100.0,1
1749564491000000000,AAPL,XNAS,2,-1,0.9993107914924622,100,1.0,1
1749564494000000000,AAPL,XNAS,1,1,0.9984247088432312,100,90.0,1
1749564494000000000,AAPL,XNAS,1,-1,0.9993107914924622,100,1.0,1
1749564494000000000,AAPL,XNAS,2,1,0.9983754754066467,100,100.0,1
1749564494000000000,AAPL,XNAS,2,-1,0.999606192111969,100,26.0,1
1749564495000000000,AAPL,XNAS,1,1,0.9984247088432312,100,90.0,1
1749564495000000000,AAPL,XNAS,1,-1,0.9992616176605225,100,24.0,1
1749564495000000000,AAPL,XNAS,2,1,0.9983754754066467,100,100.0,1
1749564495000000000,AAPL,XNAS,2,-1,0.9993107914924622,100,1.0,1
1749564496000000000,AAPL,XNAS,1,1,0.9984247088432312,100,90.0,1
1749564496000000000,AAPL,XNAS,1,-1,0.9992616176605225,100,100.0,1
1749564496000000000,AAPL,XNAS,2,1,0.9983754754066467,100,100.0,1
1749564496000000000,AAPL,XNAS,2,-1,0.9993107914924622,100,1.0,1
1749564497000000000,AAPL,XNAS,1,1,0.9984247088432312,100,90.0,1
1749564497000000000,AAPL,XNAS,1,-1,0.999212384223938,100,90.0,1
1749564497000000000,AAPL,XNAS,2,1,0.9983754754066467,100,100.0,1
1749564497000000000,AAPL,XNAS,2,-1,0.9993107914924622,100,1.0,1
1749564498000000000,AAPL,XNAS,1,1,0.9988677501678467,100,90.0,1
1749564498000000000,AAPL,XNAS,1,-1,0.9997046589851379,100,198.0,1
1749564498000000000,AAPL,XNAS,2,1,0.9985231757164001,100,100.0,1
1749564498000000000,AAPL,XNAS,2,-1,0.9998030662536621,100,89.0,1
1749564505000000000,AAPL,XNAS,1,1,0.9988677501678467,100,90.0,1
1749564505000000000,AAPL,XNAS,1,-1,0.9997046589851379,100,198.0,1
1749564505000000000,AAPL,XNAS,2,1,0.9985231757164001,100,101.0,1
1749564505000000000,AAPL,XNAS,2,-1,0.9998030662536621,100,89.0,1
1749564507000000000,AAPL,XNAS,1,1,0.9989662170410156,100,100.0,1
1749564507000000000,AAPL,XNAS,1,-1,0.9998030662536621,100,3.0,1
1749564507000000000,AAPL,XNAS,2,1,0.9989169836044312,100,125.0,1
1749564507000000000,AAPL,XNAS,2,-1,1.0,100,92.0,1
1749564508000000000,AAPL,XNAS,1,1,0.9998030662536621,100,90.0,1
1749564508000000000,AAPL,XNAS,1,-1,1.000689148902893,100,90.0,1
1749564508000000000,AAPL,XNAS,2,1,0.9997046589851379,100,25.0,1
1749564508000000000,AAPL,XNAS,2,-1,1.0007383823394775,100,100.0,1
1749564509000000000,AAPL,XNAS,1,1,0.9998030662536621,100,90.0,1
1749564509000000000,AAPL,XNAS,1,-1,1.000689148902893,100,96.0,1
1749564509000000000,AAPL,XNAS,2,1,0.9995569586753845,100,200.0,1
1749564509000000000,AAPL,XNAS,2,-1,1.0007383823394775,100,100.0,1
1749564510000000000,AAPL,XNAS,1,1,0.999901533126831,100,90.0,1
1749564510000000000,AAPL,XNAS,1,-1,1.000689148902893,100,90.0,1
1749564510000000000,AAPL,XNAS,2,1,0.9998522996902466,100,100.0,1
1749564510000000000,AAPL,XNAS,2,-1,1.0007383823394775,100,100.0,1
1749564513000000000,AAPL,XNAS,1,1,0.9998522996902466,100,100.0,1
1749564513000000000,AAPL,XNAS,1,-1,1.000689148902893,100,90.0,1
1749564513000000000,AAPL,XNAS,2,1,0.9995569586753845,100,101.0,1
1749564513000000000,AAPL,XNAS,2,-1,1.0007383823394775,100,100.0,1
1749564515000000000,AAPL,XNAS,1,1,0.999901533126831,100,90.0,1
1749564515000000000,AAPL,XNAS,1,-1,1.0007383823394775,100,100.0,1
1749564515000000000,AAPL,XNAS,2,1,0.9998522996902466,100,100.0,1
1749564515000000000,AAPL,XNAS,2,-1,1.0012307167053223,100,25.0,1
1749564517000000000,AAPL,XNAS,1,1,0.999901533126831,100,90.0,1
1749564517000000000,AAPL,XNAS,1,-1,1.0007383823394775,100,100.0,1
1749564517000000000,AAPL,XNAS,2,1,0.9998522996902466,100,100.0,1
1749564517000000000,AAPL,XNAS,2,-1,1.0012307167053223,100,25.0,1
1749564541000000000,AAPL,XNAS,1,1,0.999901533126831,100,90.0,1
1749564541000000000,AAPL,XNAS,1,-1,1.000689148902893,100,90.0,1
1749564541000000000,AAPL,XNAS,2,1,0.9998522996902466,100,100.0,1
1749564541000000000,AAPL,XNAS,2,-1,1.0007383823394775,100,100.0,1
1749564542000000000,AAPL,XNAS,1,1,0.999606192111969,100,90.0,1
1749564542000000000,AAPL,XNAS,1,-1,1.0004922151565552,100,25.0,1
1749564542000000000,AAPL,XNAS,2,1,0.9995569586753845,100,200.0,1
1749564542000000000,AAPL,XNAS,2,-1,1.0006399154663086,100,100.0,1
1749564544000000000,AAPL,XNAS,1,1,0.999606192111969,100,190.0,1
1749564544000000000,AAPL,XNAS,1,-1,1.0004922151565552,100,25.0,1
1749564544000000000,AAPL,XNAS,2,1,0.9995569586753845,100,200.0,1
1749564544000000000,AAPL,XNAS,2,-1,1.0006399154663086,100,100.0,1
1749564545000000000,AAPL,XNAS,1,1,0.999606192111969,100,191.0,1
1749564545000000000,AAPL,XNAS,1,-1,1.000689148902893,100,114.0,1
1749564545000000000,AAPL,XNAS,2,1,0.9995569586753845,100,200.0,1
1749564545000000000,AAPL,XNAS,2,-1,1.0007383823394775,100,100.0,1
1749564547000000000,AAPL,XNAS,1,1,0.999606192111969,100,191.0,1
1749564547000000000,AAPL,XNAS,1,-1,1.0005906820297241,100,90.0,1
1749564547000000000,AAPL,XNAS,2,1,0.9995569586753845,100,200.0,1
1749564547000000000,AAPL,XNAS,2,-1,1.0006399154663086,100,198.0,1
1749564571000000000,AAPL,XNAS,1,1,0.999606192111969,100,191.0,1
1749564571000000000,AAPL,XNAS,1,-1,1.0006399154663086,100,98.0,1
1749564571000000000,AAPL,XNAS,2,1,0.9995569586753845,100,200.0,1
1749564571000000000,AAPL,XNAS,2,-1,1.000689148902893,100,108.0,1
1749564572000000000,AAPL,XNAS,1,1,0.999606192111969,100,191.0,1
1749564572000000000,AAPL,XNAS,1,-1,1.0006399154663086,100,92.0,1
1749564572000000000,AAPL,XNAS,2,1,0.9995569586753845,100,200.0,1
1749564572000000000,AAPL,XNAS,2,-1,1.000689148902893,100,84.0,1
1749564600000000000,AAPL,XNAS,1,1,0.9967347979545593,100,100.0,1
1749564600000000000,AAPL,XNAS,1,-1,0.9975087642669678,100,90.0,1
1749564600000000000,AAPL,XNAS,2,1,0.9966863989830017,100,100.0,1
1749564600000000000,AAPL,XNAS,2,-1,0.9975571632385254,100,150.0,1
1749564601000000000,AAPL,XNAS,1,1,0.9967347979545593,100,101.0,1
1749564601000000000,AAPL,XNAS,1,-1,0.9975087642669678,100,90.0,1
1749564601000000000,AAPL,XNAS,2,1,0.9966863989830017,100,100.0,1
1749564601000000000,AAPL,XNAS,2,-1,0.9975571632385254,100,150.0,1
1749564603000000000,AAPL,XNAS,1,1,0.9970250129699707,100,90.0,1
1749564603000000000,AAPL,XNAS,1,-1,0.9977022409439087,100,38.0,1
1749564603000000000,AAPL,XNAS,2,1,0.9967347979545593,100,101.0,1
1749564603000000000,AAPL,XNAS,2,-1,0.9982343912124634,100,100.0,1
1749564605000000000,AAPL,XNAS,1,1,0.9967347979545593,100,101.0,1
1749564605000000000,AAPL,XNAS,1,-1,0.9974120259284973,100,12.0,1
1749564605000000000,AAPL,XNAS,2,1,0.9966863989830017,100,100.0,1
1749564605000000000,AAPL,XNAS,2,-1,0.9976055026054382,100,100.0,1
1749564606000000000,AAPL,XNAS,1,1,0.9967347979545593,100,1.0,1
1749564606000000000,AAPL,XNAS,1,-1,0.9973636269569397,100,90.0,1
1749564606000000000,AAPL,XNAS,2,1,0.9966863989830017,100,100.0,1
1749564606000000000,AAPL,XNAS,2,-1,0.9977022409439087,100,38.0,1
1749564607000000000,AAPL,XNAS,1,1,0.9965896606445312,100,1.0,1
1749564607000000000,AAPL,XNAS,1,-1,0.9970250129699707,100,90.0,1
1749564607000000000,AAPL,XNAS,2,1,0.9963961839675903,100,201.0,1
1749564607000000000,AAPL,XNAS,2,-1,0.9977022409439087,100,38.0,1
1749564608000000000,AAPL,XNAS,1,1,0.9965896606445312,100,1.0,1
1749564608000000000,AAPL,XNAS,1,-1,0.9976539015769958,100,190.0,1
1749564608000000000,AAPL,XNAS,2,1,0.9963961839675903,100,301.0,2
1749564608000000000,AAPL,XNAS,2,-1,0.9977022409439087,100,38.0,1
1749564618000000000,AAPL,XNAS,1,1,0.9964445233345032,100,100.0,1
1749564618000000000,AAPL,XNAS,1,-1,0.9970734119415283,100,90.0,1
1749564618000000000,AAPL,XNAS,2,1,0.9963961839675903,100,201.0,1
1749564618000000000,AAPL,XNAS,2,-1,0.9977022409439087,100,38.0,1
1749564634000000000,AAPL,XNAS,1,1,0.9964445233345032,100,101.0,1
1749564634000000000,AAPL,XNAS,1,-1,0.9970734119415283,100,90.0,1
1749564634000000000,AAPL,XNAS,2,1,0.9963961839675903,100,200.0,1
1749564634000000000,AAPL,XNAS,2,-1,0.9977022409439087,100,38.0,1
1749564639000000000,AAPL,XNAS,1,1,0.9965413212776184,100,104.0,1
1749564639000000000,AAPL,XNAS,1,-1,0.9976539015769958,100,90.0,1
1749564639000000000,AAPL,XNAS,2,1,0.9963961839675903,100,200.0,1
1749564639000000000,AAPL,XNAS,2,-1,0.9977022409439087,100,38.0,1
1749564640000000000,AAPL,XNAS,1,1,0.9965896606445312,100,90.0,1
1749564640000000000,AAPL,XNAS,1,-1,0.9976539015769958,100,90.0,1
1749564640000000000,AAPL,XNAS,2,1,0.9965413212776184,100,104.0,1
1749564640000000000,AAPL,XNAS,2,-1,0.9977022409439087,100,38.0,1
1749564641000000000,AAPL,XNAS,1,1,0.9965896606445312,100,90.0,1
1749564641000000000,AAPL,XNAS,1,-1,0.9976539015769958,100,90.0,1
1749564641000000000,AAPL,XNAS,2,1,0.9965413212776184,100,104.0,1
1749564641000000000,AAPL,XNAS,2,-1,0.9977022409439087,100,38.0,1
1749564642000000000,AAPL,XNAS,1,1,0.9965896606445312,100,90.0,1
1749564642000000000,AAPL,XNAS,1,-1,0.9976539015769958,100,90.0,1
1749564642000000000,AAPL,XNAS,2,1,0.9965413212776184,100,104.0,1
1749564642000000000,AAPL,XNAS,2,-1,0.9977022409439087,100,138.0,1
1749564645000000000,AAPL,XNAS,1,1,0.9965896606445312,100,90.0,1
1749564645000000000,AAPL,XNAS,1,-1,0.9976539015769958,100,90.0,1
1749564645000000000,AAPL,XNAS,2,1,0.9965413212776184,100,104.0,1
1749564645000000000,AAPL,XNAS,2,-1,0.9977022409439087,100,138.0,1
1749564647000000000,AAPL,XNAS,1,1,0.9965896606445312,100,90.0,1
1749564647000000000,AAPL,XNAS,1,-1,0.9976539015769958,100,90.0,1
1749564647000000000,AAPL,XNAS,2,1,0.9965413212776184,100,104.0,1
1749564647000000000,AAPL,XNAS,2,-1,0.9977022409439087,100,138.0,1
1749564649000000000,AAPL,XNAS,1,1,0.9967347979545593,100,106.0,1
1749564649000000000,AAPL,XNAS,1,-1,0.9976539015769958,100,141.0,1
1749564649000000000,AAPL,XNAS,2,1,0.9963961839675903,100,200.0,1
1749564649000000000,AAPL,XNAS,2,-1,0.9977022409439087,100,138.0,1
1749564650000000000,AAPL,XNAS,1,1,0.9967347979545593,100,106.0,1
1749564650000000000,AAPL,XNAS,1,-1,0.9976539015769958,100,241.0,2
1749564650000000000,AAPL,XNAS,2,1,0.9963961839675903,100,200.0,1
1749564650000000000,AAPL,XNAS,2,-1,0.9977022409439087,100,38.0,1
1749564652000000000,AAPL,XNAS,1,1,0.9967347979545593,100,118.0,1
1749564652000000000,AAPL,XNAS,1,-1,0.9976539015769958,100,241.0,2
1749564652000000000,AAPL,XNAS,2,1,0.9963961839675903,100,200.0,1
1749564652000000000,AAPL,XNAS,2,-1,0.9977022409439087,100,38.0,1
1749564661000000000,AAPL,XNAS,1,1,0.9971701502799988,100,1.0,1
1749564661000000000,AAPL,XNAS,1,-1,0.9976539015769958,100,241.0,2
1749564661000000000,AAPL,XNAS,2,1,0.9967347979545593,100,118.0,1
1749564661000000000,AAPL,XNAS,2,-1,0.9977022409439087,100,38.0,1
1749564677000000000,AAPL,XNAS,1,1,0.9973636269569397,100,90.0,1
1749564677000000000,AAPL,XNAS,1,-1,0.9981859922409058,100,90.0,1
1749564677000000000,AAPL,XNAS,2,1,0.9972185492515564,100,100.0,1
1749564677000000000,AAPL,XNAS,2,-1,0.9982343912124634,100,100.0,1
1749564678000000000,AAPL,XNAS,1,1,0.9973152875900269,100,20.0,1
1749564678000000000,AAPL,XNAS,1,-1,0.9981859922409058,100,114.0,1
1749564678000000000,AAPL,XNAS,2,1,0.9969282746315002,100,111.0,1
1749564678000000000,AAPL,XNAS,2,-1,0.9982343912124634,100,100.0,1
1749564679000000000,AAPL,XNAS,1,1,0.9973152875900269,100,20.0,1
1749564679000000000,AAPL,XNAS,1,-1,0.9981859922409058,100,114.0,1
1749564679000000000,AAPL,XNAS,2,1,0.9969282746315002,100,11.0,1
1749564679000000000,AAPL,XNAS,2,-1,0.9982343912124634,100,100.0,1
1749564683000000000,AAPL,XNAS,1,1,0.9973152875900269,100,20.0,1
1749564683000000000,AAPL,XNAS,1,-1,0.9981859922409058,100,114.0,1
1749564683000000000,AAPL,XNAS,2,1,0.9969282746315002,100,211.0,1
1749564683000000000,AAPL,XNAS,2,-1,0.9982343912124634,100,100.0,1
1749564684000000000,AAPL,XNAS,1,1,0.9973152875900269,100,20.0,1
1749564684000000000,AAPL,XNAS,1,-1,0.9981859922409058,100,90.0,1
1749564684000000000,AAPL,XNAS,2,1,0.9969282746315002,100,111.0,1
1749564684000000000,AAPL,XNAS,2,-1,0.9982343912124634,100,100.0,1
1749564694000000000,AAPL,XNAS,1,1,0.9973636269569397,100,100.0,1
1749564694000000000,AAPL,XNAS,1,-1,0.9981859922409058,100,90.0,1
1749564694000000000,AAPL,XNAS,2,1,0.9969282746315002,100,111.0,1
1749564694000000000,AAPL,XNAS,2,-1,0.9982343912124634,100,100.0,1
1749564695000000000,AAPL,XNAS,1,1,0.9974120259284973,100,12.0,1
1749564695000000000,AAPL,XNAS,1,-1,0.9981859922409058,100,90.0,1
1749564695000000000,AAPL,XNAS,2,1,0.9973636269569397,100,101.0,1
1749564695000000000,AAPL,XNAS,2,-1,0.9982343912124634,100,100.0,1
1749564705000000000,AAPL,XNAS,1,1,0.9974603652954102,100,90.0,1
1749564705000000000,AAPL,XNAS,1,-1,0.9982343912124634,100,100.0,1
1749564705000000000,AAPL,XNAS,2,1,0.9974120259284973,100,12.0,1
1749564705000000000,AAPL,XNAS,2,-1,0.9983794689178467,100,25.0,1
1749564706000000000,AAPL,XNAS,1,1,0.9974603652954102,100,90.0,1
1749564706000000000,AAPL,XNAS,1,-1,0.9982343912124634,100,100.0,1
1749564706000000000,AAPL,XNAS,2,1,0.9974120259284973,100,12.0,1
1749564706000000000,AAPL,XNAS,2,-1,0.9983794689178467,100,25.0,1
1749564707000000000,AAPL,XNAS,1,1,0.9976055026054382,100,90.0,1
1749564707000000000,AAPL,XNAS,1,-1,0.9983794689178467,100,25.0,1
1749564707000000000,AAPL,XNAS,2,1,0.9975571632385254,100,20.0,1
1749564707000000000,AAPL,XNAS,2,-1,0.9988148212432861,100,26.0,1
1749564708000000000,AAPL,XNAS,1,1,0.9976055026054382,100,90.0,1
1749564708000000000,AAPL,XNAS,1,-1,0.9988148212432861,100,26.0,1
1749564708000000000,AAPL,XNAS,2,1,0.9973636269569397,100,201.0,1
1749564708000000000,AAPL,XNAS,2,-1,0.9996855854988098,100,200.0,1
1749564709000000000,AAPL,XNAS,1,1,0.9975571632385254,100,190.0,1
1749564709000000000,AAPL,XNAS,1,-1,0.9988148212432861,100,26.0,1
1749564709000000000,AAPL,XNAS,2,1,0.9973636269569397,100,202.0,1
1749564709000000000,AAPL,XNAS,2,-1,0.9994437098503113,100,200.0,1
1749564710000000000,AAPL,XNAS,1,1,0.9976539015769958,100,100.0,1
1749564710000000000,AAPL,XNAS,1,-1,0.9988148212432861,100,26.0,1
1749564710000000000,AAPL,XNAS,2,1,0.9976055026054382,100,90.0,1
1749564710000000000,AAPL,XNAS,2,-1,0.9994437098503113,100,100.0,1
1749564711000000000,AAPL,XNAS,1,1,0.9974120259284973,100,100.0,1
1749564711000000000,AAPL,XNAS,1,-1,0.9987664818763733,100,100.0,1
1749564711000000000,AAPL,XNAS,2,1,0.9973636269569397,100,101.0,1
1749564711000000000,AAPL,XNAS,2,-1,0.9988148212432861,100,26.0,1
1749564712000000000,AAPL,XNAS,1,1,0.9976539015769958,100,90.0,1
1749564712000000000,AAPL,XNAS,1,-1,0.9988148212432861,100,26.0,1
1749564712000000000,AAPL,XNAS,2,1,0.9976055026054382,100,20.0,1
1749564712000000000,AAPL,XNAS,2,-1,0.9996855854988098,100,200.0,1
1749564713000000000,AAPL,XNAS,1,1,0.9976055026054382,100,20.0,1
1749564713000000000,AAPL,XNAS,1,-1,0.9982343912124634,100,100.0,1
1749564713000000000,AAPL,XNAS,2,1,0.9973636269569397,100,101.0,1
1749564713000000000,AAPL,XNAS,2,-1,0.9984762072563171,100,25.0,1
1749564714000000000,AAPL,XNAS,1,1,0.9976055026054382,100,20.0,1
1749564714000000000,AAPL,XNAS,1,-1,0.9982343912124634,100,100.0,1
1749564714000000000,AAPL,XNAS,2,1,0.9975087642669678,100,1.0,1
1749564714000000000,AAPL,XNAS,2,-1,0.9984762072563171,100,25.0,1
1749564716000000000,AAPL,XNAS,1,1,0.9976055026054382,100,20.0,1
1749564716000000000,AAPL,XNAS,1,-1,0.9982343912124634,100,101.0,1
1749564716000000000,AAPL,XNAS,2,1,0.9975087642669678,100,1.0,1
1749564716000000000,AAPL,XNAS,2,-1,0.9984762072563171,100,25.0,1
1749564718000000000,AAPL,XNAS,1,1,0.9977022409439087,100,1.0,1
1749564718000000000,AAPL,XNAS,1,-1,0.9982343912124634,100,101.0,1
1749564718000000000,AAPL,XNAS,2,1,0.9976055026054382,100,20.0,1
1749564718000000000,AAPL,XNAS,2,-1,0.9984762072563171,100,25.0,1
1749564719000000000,AAPL,XNAS,1,1,0.9977989792823792,100,1.0,1
1749564719000000000,AAPL,XNAS,1,-1,0.9982343912124634,100,101.0,1
1749564719000000000,AAPL,XNAS,2,1,0.9974603652954102,100,200.0,1
1749564719000000000,AAPL,XNAS,2,-1,0.9984762072563171,100,25.0,1
1749564720000000000,AAPL,XNAS,1,1,0.9977022409439087,100,100.0,1
1749564720000000000,AAPL,XNAS,1,-1,0.9982343912124634,100,1.0,1
1749564720000000000,AAPL,XNAS,2,1,0.9976539015769958,100,90.0,1
1749564720000000000,AAPL,XNAS,2,-1,0.9984762072563171,100,25.0,1
1749564721000000000,AAPL,XNAS,1,1,0.9977022409439087,100,101.0,1
1749564721000000000,AAPL,XNAS,1,-1,0.9982343912124634,100,1.0,1
1749564721000000000,AAPL,XNAS,2,1,0.9974120259284973,100,100.0,1
1749564721000000000,AAPL,XNAS,2,-1,0.9984762072563171,100,25.0,1
1749564722000000000,AAPL,XNAS,1,1,0.9977022409439087,100,102.0,1
1749564722000000000,AAPL,XNAS,1,-1,0.9982343912124634,100,1.0,1
1749564722000000000,AAPL,XNAS,2,1,0.9974120259284973,100,100.0,1
1749564722000000000,AAPL,XNAS,2,-1,0.9984762072563171,100,25.0,1
1749564723000000000,AAPL,XNAS,1,1,0.9977506399154663,100,20.0,1
1749564723000000000,AAPL,XNAS,1,-1,0.9982343912124634,100,1.0,1
1749564723000000000,AAPL,XNAS,2,1,0.9977022409439087,100,102.0,1
1749564723000000000,AAPL,XNAS,2,-1,0.9984762072563171,100,25.0,1
1749564724000000000,AAPL,XNAS,1,1,0.9979925155639648,100,20.0,1
1749564724000000000,AAPL,XNAS,1,-1,0.9984762072563171,100,25.0,1
1749564724000000000,AAPL,XNAS,2,1,0.9977022409439087,100,102.0,1
1749564724000000000,AAPL,XNAS,2,-1,0.9999274611473083,100,125.0,1
1749564725000000000,AAPL,XNAS,1,1,0.9979925155639648,100,20.0,1
1749564725000000000,AAPL,XNAS,1,-1,0.9984762072563171,100,125.0,1
1749564725000000000,AAPL,XNAS,2,1,0.9977022409439087,100,102.0,1
1749564725000000000,AAPL,XNAS,2,-1,0.9999274611473083,100,125.0,1
1749564726000000000,AAPL,XNAS,1,1,0.9979925155639648,100,20.0,1
1749564726000000000,AAPL,XNAS,1,-1,0.9984278678894043,100,90.0,1
1749564726000000000,AAPL,XNAS,2,1,0.9977022409439087,100,102.0,1
1749564726000000000,AAPL,XNAS,2,-1,0.9984762072563171,100,125.0,1
1749564728000000000,AAPL,XNAS,1,1,0.9974603652954102,100,8.0,1
1749564728000000000,AAPL,XNAS,1,-1,0.9983311295509338,100,136.0,1
1749564728000000000,AAPL,XNAS,2,1,0.9973636269569397,100,100.0,1
1749564728000000000,AAPL,XNAS,2,-1,0.9983794689178467,100,200.0,1
1749564729000000000,AAPL,XNAS,1,1,0.9974603652954102,100,8.0,1
1749564729000000000,AAPL,XNAS,1,-1,0.9983311295509338,100,136.0,1
1749564729000000000,AAPL,XNAS,2,1,0.9973636269569397,100,100.0,1
1749564729000000000,AAPL,XNAS,2,-1,0.9984278678894043,100,20.0,1
1749564731000000000,AAPL,XNAS,1,1,0.9975571632385254,100,102.0,1
1749564731000000000,AAPL,XNAS,1,-1,0.9983311295509338,100,114.0,1
1749564731000000000,AAPL,XNAS,2,1,0.9975087642669678,100,100.0,1
1749564731000000000,AAPL,XNAS,2,-1,0.9984278678894043,100,20.0,1
1749564733000000000,AAPL,XNAS,1,1,0.9975571632385254,100,202.0,1
1749564733000000000,AAPL,XNAS,1,-1,0.9983311295509338,100,114.0,1
1749564733000000000,AAPL,XNAS,2,1,0.9975087642669678,100,100.0,1
1749564733000000000,AAPL,XNAS,2,-1,0.9984278678894043,100,20.0,1
1749564734000000000,AAPL,XNAS,1,1,0.9975571632385254,100,202.0,1
1749564734000000000,AAPL,XNAS,1,-1,0.9983311295509338,100,90.0,1
1749564734000000000,AAPL,XNAS,2,1,0.9975087642669678,100,100.0,1
1749564734000000000,AAPL,XNAS,2,-1,0.9984278678894043,100,20.0,1
1749564741000000000,AAPL,XNAS,1,1,0.9975571632385254,100,202.0,1
1749564741000000000,AAPL,XNAS,1,-1,0.9983311295509338,100,90.0,1
1749564741000000000,AAPL,XNAS,2,1,0.9975087642669678,100,100.0,1
1749564741000000000,AAPL,XNAS,2,-1,0.9998790621757507,100,100.0,1
1749564748000000000,AAPL,XNAS,1,1,0.9975571632385254,100,202.0,1
1749564748000000000,AAPL,XNAS,1,-1,0.9983311295509338,100,90.0,1
1749564748000000000,AAPL,XNAS,2,1,0.9975087642669678,100,100.0,1
1749564748000000000,AAPL,XNAS,2,-1,0.9985730051994324,100,20.0,1
1749564751000000000,AAPL,XNAS,1,1,0.9975571632385254,100,202.0,1
1749564751000000000,AAPL,XNAS,1,-1,0.9983311295509338,100,90.0,1
1749564751000000000,AAPL,XNAS,2,1,0.9975087642669678,100,200.0,1
1749564751000000000,AAPL,XNAS,2,-1,0.9985730051994324,100,20.0,1
1749564754000000000,AAPL,XNAS,1,1,0.9977506399154663,100,100.0,1
1749564754000000000,AAPL,XNAS,1,-1,0.9985246062278748,100,90.0,1
1749564754000000000,AAPL,XNAS,2,1,0.9977022409439087,100,3.0,1
1749564754000000000,AAPL,XNAS,2,-1,0.9985730051994324,100,20.0,1
1749564759000000000,AAPL,XNAS,1,1,0.9977989792823792,100,190.0,1
1749564759000000000,AAPL,XNAS,1,-1,0.9985246062278748,100,90.0,1
1749564759000000000,AAPL,XNAS,2,1,0.9977022409439087,100,3.0,1
1749564759000000000,AAPL,XNAS,2,-1,0.9985730051994324,100,20.0,1
1749564763000000000,AAPL,XNAS,1,1,0.9977506399154663,100,100.0,1
1749564763000000000,AAPL,XNAS,1,-1,0.9985246062278748,100,90.0,1
1749564763000000000,AAPL,XNAS,2,1,0.9977022409439087,100,3.0,1
1749564763000000000,AAPL,XNAS,2,-1,0.9985730051994324,100,20.0,1
1749564767000000000,AAPL,XNAS,1,1,0.9977506399154663,100,100.0,1
1749564767000000000,AAPL,XNAS,1,-1,0.9985730051994324,100,20.0,1
1749564767000000000,AAPL,XNAS,2,1,0.9977022409439087,100,3.0,1
1749564767000000000,AAPL,XNAS,2,-1,0.9998790621757507,100,100.0,1
1749564768000000000,AAPL,XNAS,1,1,0.9979441165924072,100,20.0,1
1749564768000000000,AAPL,XNAS,1,-1,0.9985730051994324,100,120.0,1
1749564768000000000,AAPL,XNAS,2,1,0.9977022409439087,100,103.0,1
1749564768000000000,AAPL,XNAS,2,-1,0.9998790621757507,100,100.0,1
1749564770000000000,AAPL,XNAS,1,1,0.9978473782539368,100,1.0,1
1749564770000000000,AAPL,XNAS,1,-1,0.9985246062278748,100,90.0,1
1749564770000000000,AAPL,XNAS,2,1,0.9977022409439087,100,103.0,1
1749564770000000000,AAPL,XNAS,2,-1,0.9985730051994324,100,120.0,1
1749564771000000000,AAPL,XNAS,1,1,0.9977022409439087,100,3.0,1
1749564771000000000,AAPL,XNAS,1,-1,0.9985246062278748,100,90.0,1
1749564771000000000,AAPL,XNAS,2,1,0.9975571632385254,100,200.0,1
1749564771000000000,AAPL,XNAS,2,-1,0.9985730051994324,100,120.0,1
1749564784000000000,AAPL,XNAS,1,1,0.9975571632385254,100,200.0,1
1749564784000000000,AAPL,XNAS,1,-1,0.9985246062278748,100,90.0,1
1749564784000000000,AAPL,XNAS,2,1,0.9975087642669678,100,200.0,1
1749564784000000000,AAPL,XNAS,2,-1,0.9985730051994324,100,120.0,1
1749564786000000000,AAPL,XNAS,1,1,0.9975571632385254,100,136.0,1
1749564786000000000,AAPL,XNAS,1,-1,0.9985246062278748,100,106.0,1
1749564786000000000,AAPL,XNAS,2,1,0.9975087642669678,100,100.0,1
1749564786000000000,AAPL,XNAS,2,-1,0.9985730051994324,100,120.0,1
1749564787000000000,AAPL,XNAS,1,1,0.9972185492515564,100,110.0,1
1749564787000000000,AAPL,XNAS,1,-1,0.9978473782539368,100,90.0,1
1749564787000000000,AAPL,XNAS,2,1,0.9971217513084412,100,1.0,1
1749564787000000000,AAPL,XNAS,2,-1,0.9978957772254944,100,200.0,1
1749564788000000000,AAPL,XNAS,1,1,0.9972185492515564,100,110.0,1
1749564788000000000,AAPL,XNAS,1,-1,0.9978473782539368,100,90.0,1
1749564788000000000,AAPL,XNAS,2,1,0.9971217513084412,100,1.0,1
1749564788000000000,AAPL,XNAS,2,-1,0.9979441165924072,100,25.0,1
1749564789000000000,AAPL,XNAS,1,1,0.9972668886184692,100,104.0,1
1749564789000000000,AAPL,XNAS,1,-1,0.9978473782539368,100,90.0,1
1749564789000000000,AAPL,XNAS,2,1,0.9972185492515564,100,200.0,1
1749564789000000000,AAPL,XNAS,2,-1,0.9979441165924072,100,25.0,1
1749564790000000000,AAPL,XNAS,1,1,0.9973636269569397,100,100.0,1
1749564790000000000,AAPL,XNAS,1,-1,0.9985246062278748,100,190.0,1
1749564790000000000,AAPL,XNAS,2,1,0.9973152875900269,100,100.0,1
1749564790000000000,AAPL,XNAS,2,-1,0.9985730051994324,100,100.0,1
1749564793000000000,AAPL,XNAS,1,1,0.9973636269569397,100,100.0,1
1749564793000000000,AAPL,XNAS,1,-1,0.9985246062278748,100,90.0,1
1749564793000000000,AAPL,XNAS,2,1,0.9973152875900269,100,100.0,1
1749564793000000000,AAPL,XNAS,2,-1,0.9985730051994324,100,100.0,1
1749564801000000000,AAPL,XNAS,1,1,0.9974603652954102,100,100.0,1
1749564801000000000,AAPL,XNAS,1,-1,0.9985246062278748,100,90.0,1
1749564801000000000,AAPL,XNAS,2,1,0.9974120259284973,100,90.0,1
1749564801000000000,AAPL,XNAS,2,-1,0.9985730051994324,100,100.0,1
1749564809000000000,AAPL,XNAS,1,1,0.9975571632385254,100,100.0,1
1749564809000000000,AAPL,XNAS,1,-1,0.9985246062278748,100,90.0,1
1749564809000000000,AAPL,XNAS,2,1,0.9975087642669678,100,90.0,1
1749564809000000000,AAPL,XNAS,2,-1,0.9985730051994324,100,100.0,1
1749564812000000000,AAPL,XNAS,1,1,0.9974603652954102,100,102.0,1
1749564812000000000,AAPL,XNAS,1,-1,0.9985246062278748,100,90.0,1
1749564812000000000,AAPL,XNAS,2,1,0.9973152875900269,100,100.0,1
1749564812000000000,AAPL,XNAS,2,-1,0.9985730051994324,100,125.0,1
1749564822000000000,AAPL,XNAS,1,1,0.9974603652954102,100,102.0,1
1749564822000000000,AAPL,XNAS,1,-1,0.9985246062278748,100,90.0,1
1749564822000000000,AAPL,XNAS,2,1,0.9973152875900269,100,100.0,1
1749564822000000000,AAPL,XNAS,2,-1,0.9985730051994324,100,100.0,1
1749564824000000000,AAPL,XNAS,1,1,0.9974603652954102,100,102.0,1
1749564824000000000,AAPL,XNAS,1,-1,0.9985246062278748,100,90.0,1
1749564824000000000,AAPL,XNAS,2,1,0.9973152875900269,100,100.0,1
1749564824000000000,AAPL,XNAS,2,-1,0.9987180829048157,100,100.0,1
1749564833000000000,AAPL,XNAS,1,1,0.9975571632385254,100,100.0,1
1749564833000000000,AAPL,XNAS,1,-1,0.9985246062278748,100,90.0,1
1749564833000000000,AAPL,XNAS,2,1,0.9975087642669678,100,90.0,1
1749564833000000000,AAPL,XNAS,2,-1,0.9987180829048157,100,100.0,1
1749564835000000000,AAPL,XNAS,1,1,0.9975087642669678,100,90.0,1
1749564835000000000,AAPL,XNAS,1,-1,0.9985246062278748,100,90.0,1
1749564835000000000,AAPL,XNAS,2,1,0.9974603652954102,100,102.0,1
1749564835000000000,AAPL,XNAS,2,-1,0.9987180829048157,100,100.0,1
1749564844000000000,AAPL,XNAS,1,1,0.9975087642669678,100,90.0,1
1749564844000000000,AAPL,XNAS,1,-1,0.9985246062278748,100,90.0,1
1749564844000000000,AAPL,XNAS,2,1,0.9974603652954102,100,102.0,1
1749564844000000000,AAPL,XNAS,2,-1,0.9987180829048157,100,100.0,1
1749564845000000000,AAPL,XNAS,1,1,0.9974603652954102,100,102.0,1
1749564845000000000,AAPL,XNAS,1,-1,0.9985246062278748,100,90.0,1
1749564845000000000,AAPL,XNAS,2,1,0.9973152875900269,100,100.0,1
1749564845000000000,AAPL,XNAS,2,-1,0.9987180829048157,100,100.0,1
1749564857000000000,AAPL,XNAS,1,1,0.9975571632385254,100,100.0,1
1749564857000000000,AAPL,XNAS,1,-1,0.9985246062278748,100,90.0,1
1749564857000000000,AAPL,XNAS,2,1,0.9975087642669678,100,90.0,1
1749564857000000000,AAPL,XNAS,2,-1,0.9987180829048157,100,171.0,1
1749564858000000000,AAPL,XNAS,1,1,0.9975087642669678,100,100.0,1
1749564858000000000,AAPL,XNAS,1,-1,0.9985246062278748,100,90.0,1
1749564858000000000,AAPL,XNAS,2,1,0.9974603652954102,100,2.0,1
1749564858000000000,AAPL,XNAS,2,-1,0.9987180829048157,100,172.0,1
1749564859000000000,AAPL,XNAS,1,1,0.9975087642669678,100,100.0,1
1749564859000000000,AAPL,XNAS,1,-1,0.9985246062278748,100,90.0,1
1749564859000000000,AAPL,XNAS,2,1,0.9974603652954102,100,2.0,1
1749564859000000000,AAPL,XNAS,2,-1,0.9987180829048157,100,171.0,1
1749564863000000000,AAPL,XNAS,1,1,0.9975087642669678,100,100.0,1
1749564863000000000,AAPL,XNAS,1,-1,0.9985246062278748,100,90.0,1
1749564863000000000,AAPL,XNAS,2,1,0.9974603652954102,100,2.0,1
1749564863000000000,AAPL,XNAS,2,-1,0.9987180829048157,100,292.0,2
1749564868000000000,AAPL,XNAS,1,1,0.9975087642669678,100,100.0,1
1749564868000000000,AAPL,XNAS,1,-1,0.9985246062278748,100,90.0,1
1749564868000000000,AAPL,XNAS,2,1,0.9974603652954102,100,2.0,1
1749564868000000000,AAPL,XNAS,2,-1,0.9987180829048157,100,221.0,1
1749564874000000000,AAPL,XNAS,1,1,0.9975571632385254,100,90.0,1
1749564874000000000,AAPL,XNAS,1,-1,0.9986697435379028,100,90.0,1
1749564874000000000,AAPL,XNAS,2,1,0.9974603652954102,100,2.0,1
1749564874000000000,AAPL,XNAS,2,-1,0.9987180829048157,100,200.0,1
1749564881000000000,AAPL,XNAS,1,1,0.9975571632385254,100,90.0,1
1749564881000000000,AAPL,XNAS,1,-1,0.9986697435379028,100,90.0,1
1749564881000000000,AAPL,XNAS,2,1,0.9974603652954102,100,2.0,1
1749564881000000000,AAPL,XNAS,2,-1,0.9987180829048157,100,200.0,1
1749564885000000000,AAPL,XNAS,1,1,0.9975571632385254,100,90.0,1
1749564885000000000,AAPL,XNAS,1,-1,0.9986697435379028,100,90.0,1
1749564885000000000,AAPL,XNAS,2,1,0.9974603652954102,100,2.0,1
1749564885000000000,AAPL,XNAS,2,-1,0.9987180829048157,100,200.0,1
1749564895000000000,AAPL,XNAS,1,1,0.9974603652954102,100,2.0,1
1749564895000000000,AAPL,XNAS,1,-1,0.9986697435379028,100,90.0,1
1749564895000000000,AAPL,XNAS,2,1,0.9973152875900269,100,100.0,1
1749564895000000000,AAPL,XNAS,2,-1,0.9987180829048157,100,200.0,1
1749564899000000000,AAPL,XNAS,1,1,0.9975087642669678,100,100.0,1
1749564899000000000,AAPL,XNAS,1,-1,0.9986697435379028,100,91.0,1
1749564899000000000,AAPL,XNAS,2,1,0.9974603652954102,100,2.0,1
1749564899000000000,AAPL,XNAS,2,-1,0.9987180829048157,100,200.0,1
1749564900000000000,AAPL,XNAS,1,1,0.9978473782539368,100,100.0,1
1749564900000000000,AAPL,XNAS,1,-1,0.9986697435379028,100,190.0,1
1749564900000000000,AAPL,XNAS,2,1,0.9977989792823792,100,90.0,1
1749564900000000000,AAPL,XNAS,2,-1,0.9987180829048157,100,100.0,1
1749564901000000000,AAPL,XNAS,1,1,0.9977989792823792,100,90.0,1
1749564901000000000,AAPL,XNAS,1,-1,0.9986697435379028,100,190.0,1
1749564901000000000,AAPL,XNAS,2,1,0.9977506399154663,100,100.0,1
1749564901000000000,AAPL,XNAS,2,-1,0.9987180829048157,100,100.0,1
1749564902000000000,AAPL,XNAS,1,1,0.9977989792823792,100,90.0,1
1749564902000000000,AAPL,XNAS,1,-1,0.9986697435379028,100,90.0,1
1749564902000000000,AAPL,XNAS,2,1,0.9977506399154663,100,100.0,1
1749564902000000000,AAPL,XNAS,2,-1,0.9987180829048157,100,100.0,1
1749564903000000000,AAPL,XNAS,1,1,0.9977989792823792,100,90.0,1
1749564903000000000,AAPL,XNAS,1,-1,0.9987180829048157,100,100.0,1
1749564903000000000,AAPL,XNAS,2,1,0.9977506399154663,100,100.0,1
1749564903000000000,AAPL,XNAS,2,-1,0.9997339248657227,100,1.0,1
1749564904000000000,AAPL,XNAS,1,1,0.9979925155639648,100,100.0,1
1749564904000000000,AAPL,XNAS,1,-1,0.9987180829048157,100,100.0,1
1749564904000000000,AAPL,XNAS,2,1,0.9979441165924072,100,90.0,1
1749564904000000000,AAPL,XNAS,2,-1,0.9997339248657227,100,1.0,1
1749564906000000000,AAPL,XNAS,1,1,0.9980408549308777,100,90.0,1
1749564906000000000,AAPL,XNAS,1,-1,0.9992018342018127,100,90.0,1
1749564906000000000,AAPL,XNAS,2,1,0.9978957772254944,100,100.0,1
1749564906000000000,AAPL,XNAS,2,-1,0.9993469715118408,100,1.0,1
1749564907000000000,AAPL,XNAS,1,1,0.9980408549308777,100,90.0,1
1749564907000000000,AAPL,XNAS,1,-1,0.9992018342018127,100,90.0,1
1749564907000000000,AAPL,XNAS,2,1,0.9978957772254944,100,100.0,1
1749564907000000000,AAPL,XNAS,2,-1,0.9992985725402832,100,1.0,1
1749564908000000000,AAPL,XNAS,1,1,0.9979441165924072,100,100.0,1
1749564908000000000,AAPL,XNAS,1,-1,0.9992018342018127,100,90.0,1
1749564908000000000,AAPL,XNAS,2,1,0.9978957772254944,100,100.0,1
1749564908000000000,AAPL,XNAS,2,-1,0.9992985725402832,100,1.0,1
1749564910000000000,AAPL,XNAS,1,1,0.9979441165924072,100,100.0,1
1749564910000000000,AAPL,XNAS,1,-1,0.9992018342018127,100,90.0,1
1749564910000000000,AAPL,XNAS,2,1,0.9978957772254944,100,100.0,1
1749564910000000000,AAPL,XNAS,2,-1,0.9998790621757507,100,100.0,1
1749564911000000000,AAPL,XNAS,1,1,0.9979441165924072,100,100.0,1
1749564911000000000,AAPL,XNAS,1,-1,0.9992018342018127,100,90.0,1
1749564911000000000,AAPL,XNAS,2,1,0.9978957772254944,100,100.0,1
1749564911000000000,AAPL,XNAS,2,-1,0.9993469715118408,100,1.0,1
1749564912000000000,AAPL,XNAS,1,1,0.9982827305793762,100,100.0,1
1749564912000000000,AAPL,XNAS,1,-1,0.9992018342018127,100,90.0,1
1749564912000000000,AAPL,XNAS,2,1,0.9982343912124634,100,90.0,1
1749564912000000000,AAPL,XNAS,2,-1,0.9993953108787537,100,1.0,1
1749564913000000000,AAPL,XNAS,1,1,0.9982827305793762,100,1.0,1
1749564913000000000,AAPL,XNAS,1,-1,0.9992018342018127,100,90.0,1
1749564913000000000,AAPL,XNAS,2,1,0.9978957772254944,100,100.0,1
1749564913000000000,AAPL,XNAS,2,-1,0.9992985725402832,100,1.0,1
1749564914000000000,AAPL,XNAS,1,1,0.9984278678894043,100,100.0,1
1749564914000000000,AAPL,XNAS,1,-1,0.9992018342018127,100,90.0,1
1749564914000000000,AAPL,XNAS,2,1,0.9983794689178467,100,90.0,1
1749564914000000000,AAPL,XNAS,2,-1,0.9994920492172241,100,101.0,1
1749564915000000000,AAPL,XNAS,1,1,0.9984278678894043,100,1.0,1
1749564915000000000,AAPL,XNAS,1,-1,0.9992018342018127,100,90.0,1
1749564915000000000,AAPL,XNAS,2,1,0.9978957772254944,100,100.0,1
1749564915000000000,AAPL,XNAS,2,-1,0.9994437098503113,100,1.0,1
1749564916000000000,AAPL,XNAS,1,1,0.9981859922409058,100,90.0,1
1749564916000000000,AAPL,XNAS,1,-1,0.9992018342018127,100,90.0,1
1749564916000000000,AAPL,XNAS,2,1,0.9981375932693481,100,1.0,1
1749564916000000000,AAPL,XNAS,2,-1,0.9994920492172241,100,100.0,1
1749564917000000000,AAPL,XNAS,1,1,0.9981859922409058,100,90.0,1
1749564917000000000,AAPL,XNAS,1,-1,0.9992018342018127,100,90.0,1
1749564917000000000,AAPL,XNAS,2,1,0.9981375932693481,100,1.0,1
1749564917000000000,AAPL,XNAS,2,-1,0.9994437098503113,100,1.0,1
1749564926000000000,AAPL,XNAS,1,1,0.9981859922409058,100,90.0,1
1749564926000000000,AAPL,XNAS,1,-1,0.9992018342018127,100,90.0,1
1749564926000000000,AAPL,XNAS,2,1,0.9981375932693481,100,1.0,1
1749564926000000000,AAPL,XNAS,2,-1,0.9994437098503113,100,1.0,1
1749564928000000000,AAPL,XNAS,1,1,0.9981375932693481,100,1.0,1
1749564928000000000,AAPL,XNAS,1,-1,0.9992018342018127,100,90.0,1
1749564928000000000,AAPL,XNAS,2,1,0.9978957772254944,100,100.0,1
1749564928000000000,AAPL,XNAS,2,-1,0.9994437098503113,100,1.0,1
1749564930000000000,AAPL,XNAS,1,1,0.9981859922409058,100,200.0,1
1749564930000000000,AAPL,XNAS,1,-1,0.9992018342018127,100,90.0,1
1749564930000000000,AAPL,XNAS,2,1,0.9981375932693481,100,1.0,1
1749564930000000000,AAPL,XNAS,2,-1,0.9994437098503113,100,100.0,1
1749564931000000000,AAPL,XNAS,1,1,0.9981859922409058,100,200.0,1
1749564931000000000,AAPL,XNAS,1,-1,0.9992018342018127,100,90.0,1
1749564931000000000,AAPL,XNAS,2,1,0.9980892539024353,100,100.0,1
1749564931000000000,AAPL,XNAS,2,-1,0.9994437098503113,100,101.0,1
1749564934000000000,AAPL,XNAS,1,1,0.9983311295509338,100,100.0,1
1749564934000000000,AAPL,XNAS,1,-1,0.9992018342018127,100,90.0,1
1749564934000000000,AAPL,XNAS,2,1,0.9982827305793762,100,90.0,1
1749564934000000000,AAPL,XNAS,2,-1,0.9994437098503113,100,102.0,1
1749564935000000000,AAPL,XNAS,1,1,0.9983794689178467,100,100.0,1
1749564935000000000,AAPL,XNAS,1,-1,0.9992018342018127,100,90.0,1
1749564935000000000,AAPL,XNAS,2,1,0.9983311295509338,100,1.0,1
1749564935000000000,AAPL,XNAS,2,-1,0.9994437098503113,100,102.0,1
1749564936000000000,AAPL,XNAS,1,1,0.9984278678894043,100,101.0,1
1749564936000000000,AAPL,XNAS,1,-1,0.9992018342018127,100,90.0,1
1749564936000000000,AAPL,XNAS,2,1,0.9983794689178467,100,1.0,1
1749564936000000000,AAPL,XNAS,2,-1,0.9994437098503113,100,101.0,1
1749564937000000000,AAPL,XNAS,1,1,0.9984278678894043,100,101.0,1
1749564937000000000,AAPL,XNAS,1,-1,0.9992018342018127,100,90.0,1
1749564937000000000,AAPL,XNAS,2,1,0.9982343912124634,100,100.0,1
1749564937000000000,AAPL,XNAS,2,-1,0.9994437098503113,100,101.0,1
1749564941000000000,AAPL,XNAS,1,1,0.9982343912124634,100,100.0,1
1749564941000000000,AAPL,XNAS,1,-1,0.9987180829048157,100,90.0,1
1749564941000000000,AAPL,XNAS,2,1,0.9981859922409058,100,100.0,1
1749564941000000000,AAPL,XNAS,2,-1,0.9987664818763733,100,200.0,1
1749564942000000000,AAPL,XNAS,1,1,0.9981375932693481,100,100.0,1
1749564942000000000,AAPL,XNAS,1,-1,0.9986697435379028,100,100.0,1
1749564942000000000,AAPL,XNAS,2,1,0.9980892539024353,100,100.0,1
1749564942000000000,AAPL,XNAS,2,-1,0.9988632202148438,100,1.0,1
1749564945000000000,AAPL,XNAS,1,1,0.9981375932693481,100,100.0,1
1749564945000000000,AAPL,XNAS,1,-1,0.9986697435379028,100,100.0,1
1749564945000000000,AAPL,XNAS,2,1,0.9980892539024353,100,100.0,1
1749564945000000000,AAPL,XNAS,2,-1,0.9989116191864014,100,1.0,1
1749564946000000000,AAPL,XNAS,1,1,0.9981375932693481,100,100.0,1
1749564946000000000,AAPL,XNAS,1,-1,0.9986213445663452,100,90.0,1
1749564946000000000,AAPL,XNAS,2,1,0.9980892539024353,100,100.0,1
1749564946000000000,AAPL,XNAS,2,-1,0.9986697435379028,100,100.0,1
1749564949000000000,AAPL,XNAS,1,1,0.9977506399154663,100,100.0,1
1749564949000000000,AAPL,XNAS,1,-1,0.9984762072563171,100,91.0,1
1749564949000000000,AAPL,XNAS,2,1,0.9977022409439087,100,100.0,1
1749564949000000000,AAPL,XNAS,2,-1,0.9985730051994324,100,100.0,1
1749564950000000000,AAPL,XNAS,1,1,0.9977506399154663,100,100.0,1
1749564950000000000,AAPL,XNAS,1,-1,0.9984762072563171,100,190.0,1
1749564950000000000,AAPL,XNAS,2,1,0.9977022409439087,100,100.0,1
1749564950000000000,AAPL,XNAS,2,-1,0.9985730051994324,100,100.0,1
1749564951000000000,AAPL,XNAS,1,1,0.9977506399154663,100,100.0,1
1749564951000000000,AAPL,XNAS,1,-1,0.9984762072563171,100,391.0,3
1749564951000000000,AAPL,XNAS,2,1,0.9977022409439087,100,100.0,1
1749564951000000000,AAPL,XNAS,2,-1,0.9985730051994324,100,100.0,1
1749564952000000000,AAPL,XNAS,1,1,0.9977506399154663,100,100.0,1
1749564952000000000,AAPL,XNAS,1,-1,0.9984762072563171,100,391.0,3
1749564952000000000,AAPL,XNAS,2,1,0.9977022409439087,100,100.0,1
1749564952000000000,AAPL,XNAS,2,-1,0.9985730051994324,100,100.0,1
1749564953000000000,AAPL,XNAS,1,1,0.9977506399154663,100,100.0,1
1749564953000000000,AAPL,XNAS,1,-1,0.9984762072563171,100,290.0,2
1749564953000000000,AAPL,XNAS,2,1,0.9977022409439087,100,100.0,1
1749564953000000000,AAPL,XNAS,2,-1,0.9985730051994324,100,101.0,1
1749564955000000000,AAPL,XNAS,1,1,0.9977506399154663,100,100.0,1
1749564955000000000,AAPL,XNAS,1,-1,0.9983311295509338,100,90.0,1
1749564955000000000,AAPL,XNAS,2,1,0.9977022409439087,100,100.0,1
1749564955000000000,AAPL,XNAS,2,-1,0.9984762072563171,100,200.0,1
1749564957000000000,AAPL,XNAS,1,1,0.9977506399154663,100,100.0,1
1749564957000000000,AAPL,XNAS,1,-1,0.9983311295509338,100,90.0,1
1749564957000000000,AAPL,XNAS,2,1,0.9977022409439087,100,100.0,1
1749564957000000000,AAPL,XNAS,2,-1,0.9984762072563171,100,201.0,1
1749564970000000000,AAPL,XNAS,1,1,0.9971701502799988,100,100.0,1
1749564970000000000,AAPL,XNAS,1,-1,0.9979925155639648,100,90.0,1
1749564970000000000,AAPL,XNAS,2,1,0.9971217513084412,100,201.0,1
1749564970000000000,AAPL,XNAS,2,-1,0.9984762072563171,100,201.0,1
1749564971000000000,AAPL,XNAS,1,1,0.9971701502799988,100,200.0,1
1749564971000000000,AAPL,XNAS,1,-1,0.9984762072563171,100,201.0,1
1749564971000000000,AAPL,XNAS,2,1,0.9971217513084412,100,201.0,1
1749564971000000000,AAPL,XNAS,2,-1,0.9985730051994324,100,101.0,1
1749564972000000000,AAPL,XNAS,1,1,0.9972668886184692,100,100.0,1
1749564972000000000,AAPL,XNAS,1,-1,0.9983311295509338,100,168.0,1
1749564972000000000,AAPL,XNAS,2,1,0.9972185492515564,100,100.0,1
1749564972000000000,AAPL,XNAS,2,-1,0.9984762072563171,100,201.0,1
1749564973000000000,AAPL,XNAS,1,1,0.9972668886184692,100,100.0,1
1749564973000000000,AAPL,XNAS,1,-1,0.9983311295509338,100,169.0,1
1749564973000000000,AAPL,XNAS,2,1,0.9972185492515564,100,100.0,1
1749564973000000000,AAPL,XNAS,2,-1,0.9984762072563171,100,200.0,1
1749564975000000000,AAPL,XNAS,1,1,0.9972668886184692,100,150.0,1
1749564975000000000,AAPL,XNAS,1,-1,0.9982827305793762,100,90.0,1
1749564975000000000,AAPL,XNAS,2,1,0.9972185492515564,100,90.0,1
1749564975000000000,AAPL,XNAS,2,-1,0.9983311295509338,100,61.0,1
1749564976000000000,AAPL,XNAS,1,1,0.9974120259284973,100,190.0,1
1749564976000000000,AAPL,XNAS,1,-1,0.9982827305793762,100,90.0,1
1749564976000000000,AAPL,XNAS,2,1,0.9971701502799988,100,200.0,1
1749564976000000000,AAPL,XNAS,2,-1,0.9983311295509338,100,162.0,1
1749564978000000000,AAPL,XNAS,1,1,0.9973636269569397,100,100.0,1
1749564978000000000,AAPL,XNAS,1,-1,0.9982827305793762,100,90.0,1
1749564978000000000,AAPL,XNAS,2,1,0.9973152875900269,100,90.0,1
1749564978000000000,AAPL,XNAS,2,-1,0.9983311295509338,100,162.0,1
1749564979000000000,AAPL,XNAS,1,1,0.9972185492515564,100,140.0,1
1749564979000000000,AAPL,XNAS,1,-1,0.9982827305793762,100,92.0,1
1749564979000000000,AAPL,XNAS,2,1,0.9971701502799988,100,200.0,1
1749564979000000000,AAPL,XNAS,2,-1,0.9983311295509338,100,100.0,1
1749564980000000000,AAPL,XNAS,1,1,0.9972668886184692,100,100.0,1
1749564980000000000,AAPL,XNAS,1,-1,0.9982827305793762,100,192.0,1
1749564980000000000,AAPL,XNAS,2,1,0.9972185492515564,100,90.0,1
1749564980000000000,AAPL,XNAS,2,-1,0.9984762072563171,100,100.0,1
1749564983000000000,AAPL,XNAS,1,1,0.9972185492515564,100,100.0,1
1749564983000000000,AAPL,XNAS,1,-1,0.9982827305793762,100,102.0,1
1749564983000000000,AAPL,XNAS,2,1,0.9971701502799988,100,200.0,1
1749564983000000000,AAPL,XNAS,2,-1,0.9985730051994324,100,100.0,1
1749564988000000000,AAPL,XNAS,1,1,0.9971701502799988,100,300.0,2
1749564988000000000,AAPL,XNAS,1,-1,0.9982827305793762,100,102.0,1
1749564988000000000,AAPL,XNAS,2,1,0.9971217513084412,100,201.0,1
1749564988000000000,AAPL,XNAS,2,-1,0.9985730051994324,100,100.0,1
1749564989000000000,AAPL,XNAS,1,1,0.9973636269569397,100,90.0,1
1749564989000000000,AAPL,XNAS,1,-1,0.9982343912124634,100,90.0,1
1749564989000000000,AAPL,XNAS,2,1,0.9971701502799988,100,200.0,1
1749564989000000000,AAPL,XNAS,2,-1,0.9982827305793762,100,102.0,1
1749564991000000000,AAPL,XNAS,1,1,0.9973636269569397,100,90.0,1
1749564991000000000,AAPL,XNAS,1,-1,0.9982343912124634,100,91.0,1
1749564991000000000,AAPL,XNAS,2,1,0.9971701502799988,100,200.0,1
1749564991000000000,AAPL,XNAS,2,-1,0.9982827305793762,100,100.0,1
1749564992000000000,AAPL,XNAS,1,1,0.9975087642669678,100,100.0,1
1749564992000000000,AAPL,XNAS,1,-1,0.9982343912124634,100,91.0,1
1749564992000000000,AAPL,XNAS,2,1,0.9974603652954102,100,90.0,1
1749564992000000000,AAPL,XNAS,2,-1,0.9982827305793762,100,101.0,1
1749564993000000000,AAPL,XNAS,1,1,0.9975571632385254,100,90.0,1
1749564993000000000,AAPL,XNAS,1,-1,0.9982343912124634,100,91.0,1
1749564993000000000,AAPL,XNAS,2,1,0.9975087642669678,100,1.0,1
1749564993000000000,AAPL,XNAS,2,-1,0.9982827305793762,100,101.0,1
1749564994000000000,AAPL,XNAS,1,1,0.9974120259284973,100,100.0,1
1749564994000000000,AAPL,XNAS,1,-1,0.9982343912124634,100,91.0,1
1749564994000000000,AAPL,XNAS,2,1,0.9973636269569397,100,90.0,1
1749564994000000000,AAPL,XNAS,2,-1,0.9982827305793762,100,101.0,1
1749564995000000000,AAPL,XNAS,1,1,0.9976055026054382,100,100.0,1
1749564995000000000,AAPL,XNAS,1,-1,0.9982343912124634,100,91.0,1
1749564995000000000,AAPL,XNAS,2,1,0.9975571632385254,100,90.0,1
1749564995000000000,AAPL,XNAS,2,-1,0.9982827305793762,100,101.0,1
1749564996000000000,AAPL,XNAS,1,1,0.9972185492515564,100,100.0,1
1749564996000000000,AAPL,XNAS,1,-1,0.9982827305793762,100,102.0,1
1749564996000000000,AAPL,XNAS,2,1,0.9971701502799988,100,200.0,1
1749564996000000000,AAPL,XNAS,2,-1,0.9985730051994324,100,100.0,1
1749564997000000000,AAPL,XNAS,1,1,0.9975087642669678,100,90.0,1
1749564997000000000,AAPL,XNAS,1,-1,0.9982343912124634,100,101.0,1
1749564997000000000,AAPL,XNAS,2,1,0.9971701502799988,100,200.0,1
1749564997000000000,AAPL,XNAS,2,-1,0.9982827305793762,100,100.0,1
1749564998000000000,AAPL,XNAS,1,1,0.9975087642669678,100,91.0,1
1749564998000000000,AAPL,XNAS,1,-1,0.9982343912124634,100,202.0,1
1749564998000000000,AAPL,XNAS,2,1,0.9971701502799988,100,200.0,1
1749564998000000000,AAPL,XNAS,2,-1,0.9982827305793762,100,100.0,1
1749564999000000000,AAPL,XNAS,1,1,0.9975087642669678,100,91.0,1
1749564999000000000,AAPL,XNAS,1,-1,0.9982343912124634,100,102.0,1
1749564999000000000,AAPL,XNAS,2,1,0.9971701502799988,100,200.0,1
1749564999000000000,AAPL,XNAS,2,-1,0.9982827305793762,100,100.0,1
1749565000000000000,AAPL,XNAS,1,1,0.9975087642669678,100,91.0,1
1749565000000000000,AAPL,XNAS,1,-1,0.9982343912124634,100,201.0,1
1749565000000000000,AAPL,XNAS,2,1,0.9971701502799988,100,200.0,1
1749565000000000000,AAPL,XNAS,2,-1,0.9985730051994324,100,100.0,1
1749565001000000000,AAPL,XNAS,1,1,0.9973636269569397,100,190.0,1
1749565001000000000,AAPL,XNAS,1,-1,0.9981859922409058,100,91.0,1
1749565001000000000,AAPL,XNAS,2,1,0.9971701502799988,100,200.0,1
1749565001000000000,AAPL,XNAS,2,-1,0.9982343912124634,100,200.0,1
1749565002000000000,AAPL,XNAS,1,1,0.9973636269569397,100,90.0,1
1749565002000000000,AAPL,XNAS,1,-1,0.9981859922409058,100,90.0,1
1749565002000000000,AAPL,XNAS,2,1,0.9971701502799988,100,200.0,1
1749565002000000000,AAPL,XNAS,2,-1,0.9982343912124634,100,200.0,1
1749565004000000000,AAPL,XNAS,1,1,0.9973636269569397,100,90.0,1
1749565004000000000,AAPL,XNAS,1,-1,0.9981859922409058,100,91.0,1
1749565004000000000,AAPL,XNAS,2,1,0.9971701502799988,100,200.0,1
1749565004000000000,AAPL,XNAS,2,-1,0.9982343912124634,100,200.0,1
1749565005000000000,AAPL,XNAS,1,1,0.9973636269569397,100,90.0,1
1749565005000000000,AAPL,XNAS,1,-1,0.9981859922409058,100,91.0,1
1749565005000000000,AAPL,XNAS,2,1,0.9971701502799988,100,200.0,1
1749565005000000000,AAPL,XNAS,2,-1,0.9982343912124634,100,200.0,1
1749565006000000000,AAPL,XNAS,1,1,0.9973636269569397,100,90.0,1
1749565006000000000,AAPL,XNAS,1,-1,0.9981859922409058,100,91.0,1
1749565006000000000,AAPL,XNAS,2,1,0.9971701502799988,100,200.0,1
1749565006000000000,AAPL,XNAS,2,-1,0.9982343912124634,100,200.0,1
1749565007000000000,AAPL,XNAS,1,1,0.9975087642669678,100,90.0,1
1749565007000000000,AAPL,XNAS,1,-1,0.9981859922409058,100,192.0,1
1749565007000000000,AAPL,XNAS,2,1,0.9974603652954102,100,20.0,1
1749565007000000000,AAPL,XNAS,2,-1,0.9982343912124634,100,100.0,1
1749565008000000000,AAPL,XNAS,1,1,0.9975087642669678,100,21.0,1
1749565008000000000,AAPL,XNAS,1,-1,0.9981859922409058,100,191.0,1
1749565008000000000,AAPL,XNAS,2,1,0.9971701502799988,100,200.0,1
1749565008000000000,AAPL,XNAS,2,-1,0.9982343912124634,100,100.0,1
1749565009000000000,AAPL,XNAS,1,1,0.9975087642669678,100,20.0,1
1749565009000000000,AAPL,XNAS,1,-1,0.9981859922409058,100,291.0,2
1749565009000000000,AAPL,XNAS,2,1,0.9971701502799988,100,200.0,1
1749565009000000000,AAPL,XNAS,2,-1,0.9985730051994324,100,101.0,1
1749565010000000000,AAPL,XNAS,1,1,0.9975087642669678,100,20.0,1
1749565010000000000,AAPL,XNAS,1,-1,0.9981859922409058,100,292.0,2
1749565010000000000,AAPL,XNAS,2,1,0.9971701502799988,100,200.0,1
1749565010000000000,AAPL,XNAS,2,-1,0.9985730051994324,100,100.0,1
1749565012000000000,AAPL,XNAS,1,1,0.9975087642669678,100,20.0,1
1749565012000000000,AAPL,XNAS,1,-1,0.9981859922409058,100,292.0,2
1749565012000000000,AAPL,XNAS,2,1,0.9971701502799988,100,200.0,1
1749565012000000000,AAPL,XNAS,2,-1,0.9982827305793762,100,100.0,1
1749565013000000000,AAPL,XNAS,1,1,0.9975087642669678,100,20.0,1
1749565013000000000,AAPL,XNAS,1,-1,0.9981859922409058,100,291.0,2
1749565013000000000,AAPL,XNAS,2,1,0.9971701502799988,100,200.0,1
1749565013000000000,AAPL,XNAS,2,-1,0.9982827305793762,100,100.0,1
1749565016000000000,AAPL,XNAS,1,1,0.9976539015769958,100,1.0,1
1749565016000000000,AAPL,XNAS,1,-1,0.9981859922409058,100,291.0,2
1749565016000000000,AAPL,XNAS,2,1,0.9976055026054382,100,20.0,1
1749565016000000000,AAPL,XNAS,2,-1,0.9982827305793762,100,100.0,1
1749565048000000000,AAPL,XNAS,1,1,0.9976539015769958,100,1.0,1
1749565048000000000,AAPL,XNAS,1,-1,0.9981859922409058,100,201.0,1
1749565048000000000,AAPL,XNAS,2,1,0.9976055026054382,100,20.0,1
1749565048000000000,AAPL,XNAS,2,-1,0.9982827305793762,100,100.0,1
1749565051000000000,AAPL,XNAS,1,1,0.9976055026054382,100,20.0,1
1749565051000000000,AAPL,XNAS,1,-1,0.9981859922409058,100,201.0,1
1749565051000000000,AAPL,XNAS,2,1,0.9972185492515564,100,100.0,1
1749565051000000000,AAPL,XNAS,2,-1,0.9982827305793762,100,100.0,1
1749565064000000000,AAPL,XNAS,1,1,0.9976055026054382,100,20.0,1
1749565064000000000,AAPL,XNAS,1,-1,0.9981859922409058,100,202.0,1
1749565064000000000,AAPL,XNAS,2,1,0.9972185492515564,100,100.0,1
1749565064000000000,AAPL,XNAS,2,-1,0.9982827305793762,100,100.0,1
1749565065000000000,AAPL,XNAS,1,1,0.9976055026054382,100,20.0,1
1749565065000000000,AAPL,XNAS,1,-1,0.9981859922409058,100,201.0,1
1749565065000000000,AAPL,XNAS,2,1,0.9972185492515564,100,100.0,1
1749565065000000000,AAPL,XNAS,2,-1,0.9982827305793762,100,100.0,1
1749565068000000000,AAPL,XNAS,1,1,0.9976055026054382,100,20.0,1
1749565068000000000,AAPL,XNAS,1,-1,0.9981859922409058,100,202.0,1
1749565068000000000,AAPL,XNAS,2,1,0.9972185492515564,100,100.0,1
1749565068000000000,AAPL,XNAS,2,-1,0.9982827305793762,100,100.0,1
1749565070000000000,AAPL,XNAS,1,1,0.9976055026054382,100,20.0,1
1749565070000000000,AAPL,XNAS,1,-1,0.9981859922409058,100,201.0,1
1749565070000000000,AAPL,XNAS,2,1,0.9972185492515564,100,100.0,1
1749565070000000000,AAPL,XNAS,2,-1,0.9982827305793762,100,100.0,1
1749565071000000000,AAPL,XNAS,1,1,0.9976055026054382,100,20.0,1
1749565071000000000,AAPL,XNAS,1,-1,0.9981859922409058,100,201.0,1
1749565071000000000,AAPL,XNAS,2,1,0.9972185492515564,100,100.0,1
1749565071000000000,AAPL,XNAS,2,-1,0.9982827305793762,100,100.0,1
1749565072000000000,AAPL,XNAS,1,1,0.9976055026054382,100,20.0,1
1749565072000000000,AAPL,XNAS,1,-1,0.9981859922409058,100,201.0,1
1749565072000000000,AAPL,XNAS,2,1,0.9972185492515564,100,100.0,1
1749565072000000000,AAPL,XNAS,2,-1,0.9982827305793762,100,100.0,1
1749565075000000000,AAPL,XNAS,1,1,0.9976055026054382,100,20.0,1
1749565075000000000,AAPL,XNAS,1,-1,0.9981375932693481,100,90.0,1
1749565075000000000,AAPL,XNAS,2,1,0.9972185492515564,100,100.0,1
1749565075000000000,AAPL,XNAS,2,-1,0.9981859922409058,100,201.0,1
1749565078000000000,AAPL,XNAS,1,1,0.9976055026054382,100,20.0,1
1749565078000000000,AAPL,XNAS,1,-1,0.9981375932693481,100,90.0,1
1749565078000000000,AAPL,XNAS,2,1,0.9972185492515564,100,100.0,1
1749565078000000000,AAPL,XNAS,2,-1,0.9981859922409058,100,202.0,1
1749565080000000000,AAPL,XNAS,1,1,0.9976055026054382,100,20.0,1
1749565080000000000,AAPL,XNAS,1,-1,0.9981375932693481,100,90.0,1
1749565080000000000,AAPL,XNAS,2,1,0.9972668886184692,100,34.0,1
1749565080000000000,AAPL,XNAS,2,-1,0.9981859922409058,100,202.0,1
1749565087000000000,AAPL,XNAS,1,1,0.9977022409439087,100,1.0,1
1749565087000000000,AAPL,XNAS,1,-1,0.9981375932693481,100,90.0,1
1749565087000000000,AAPL,XNAS,2,1,0.9976055026054382,100,20.0,1
1749565087000000000,AAPL,XNAS,2,-1,0.9981859922409058,100,262.0,2
1749565088000000000,AAPL,XNAS,1,1,0.9972668886184692,100,34.0,1
1749565088000000000,AAPL,XNAS,1,-1,0.9978957772254944,100,91.0,1
1749565088000000000,AAPL,XNAS,2,1,0.9972185492515564,100,100.0,1
1749565088000000000,AAPL,XNAS,2,-1,0.9981375932693481,100,200.0,1
1749565089000000000,AAPL,XNAS,1,1,0.9973152875900269,100,100.0,1
1749565089000000000,AAPL,XNAS,1,-1,0.9978957772254944,100,1.0,1
1749565089000000000,AAPL,XNAS,2,1,0.9972668886184692,100,34.0,1
1749565089000000000,AAPL,XNAS,2,-1,0.9979441165924072,100,100.0,1
1749565091000000000,AAPL,XNAS,1,1,0.9972668886184692,100,34.0,1
1749565091000000000,AAPL,XNAS,1,-1,0.9978957772254944,100,1.0,1
1749565091000000000,AAPL,XNAS,2,1,0.9972185492515564,100,100.0,1
1749565091000000000,AAPL,XNAS,2,-1,0.9979441165924072,100,201.0,1
1749565092000000000,AAPL,XNAS,1,1,0.9972668886184692,100,34.0,1
1749565092000000000,AAPL,XNAS,1,-1,0.9978473782539368,100,91.0,1
1749565092000000000,AAPL,XNAS,2,1,0.9972185492515564,100,100.0,1
1749565092000000000,AAPL,XNAS,2,-1,0.9979441165924072,100,201.0,1
1749565093000000000,AAPL,XNAS,1,1,0.9972668886184692,100,34.0,1
1749565093000000000,AAPL,XNAS,1,-1,0.9978473782539368,100,91.0,1
1749565093000000000,AAPL,XNAS,2,1,0.9972185492515564,100,100.0,1
1749565093000000000,AAPL,XNAS,2,-1,0.9979441165924072,100,202.0,1
1749565099000000000,AAPL,XNAS,1,1,0.9972668886184692,100,34.0,1
1749565099000000000,AAPL,XNAS,1,-1,0.9978473782539368,100,227.0,1
1749565099000000000,AAPL,XNAS,2,1,0.9972185492515564,100,100.0,1
1749565099000000000,AAPL,XNAS,2,-1,0.9979441165924072,100,201.0,1
1749565100000000000,AAPL,XNAS,1,1,0.9972668886184692,100,34.0,1
1749565100000000000,AAPL,XNAS,1,-1,0.9978473782539368,100,228.0,1
1749565100000000000,AAPL,XNAS,2,1,0.9972185492515564,100,108.0,1
1749565100000000000,AAPL,XNAS,2,-1,0.9979441165924072,100,100.0,1
1749565108000000000,AAPL,XNAS,1,1,0.9972668886184692,100,34.0,1
1749565108000000000,AAPL,XNAS,1,-1,0.9978473782539368,100,331.0,2
1749565108000000000,AAPL,XNAS,2,1,0.9972185492515564,100,108.0,1
1749565108000000000,AAPL,XNAS,2,-1,0.9979441165924072,100,100.0,1
1749565109000000000,AAPL,XNAS,1,1,0.9972668886184692,100,34.0,1
1749565109000000000,AAPL,XNAS,1,-1,0.9978473782539368,100,431.0,3
1749565109000000000,AAPL,XNAS,2,1,0.9972185492515564,100,108.0,1
1749565109000000000,AAPL,XNAS,2,-1,0.9979441165924072,100,100.0,1
1749565112000000000,AAPL,XNAS,1,1,0.9972668886184692,100,34.0,1
1749565112000000000,AAPL,XNAS,1,-1,0.9978473782539368,100,431.0,3
1749565112000000000,AAPL,XNAS,2,1,0.9972185492515564,100,100.0,1
1749565112000000000,AAPL,XNAS,2,-1,0.9979441165924072,100,100.0,1
1749565122000000000,AAPL,XNAS,1,1,0.9971217513084412,100,101.0,1
1749565122000000000,AAPL,XNAS,1,-1,0.9975571632385254,100,1.0,1
1749565122000000000,AAPL,XNAS,2,1,0.9967831373214722,100,50.0,1
1749565122000000000,AAPL,XNAS,2,-1,0.9977989792823792,100,104.0,1
1749565123000000000,AAPL,XNAS,1,1,0.9971217513084412,100,1.0,1
1749565123000000000,AAPL,XNAS,1,-1,0.9975571632385254,100,1.0,1
1749565123000000000,AAPL,XNAS,2,1,0.9967831373214722,100,50.0,1
1749565123000000000,AAPL,XNAS,2,-1,0.9977989792823792,100,262.0,2
1749565124000000000,AAPL,XNAS,1,1,0.9971701502799988,100,100.0,1
1749565124000000000,AAPL,XNAS,1,-1,0.9975571632385254,100,1.0,1
1749565124000000000,AAPL,XNAS,2,1,0.9971217513084412,100,1.0,1
1749565124000000000,AAPL,XNAS,2,-1,0.9977989792823792,100,262.0,2
1749565125000000000,AAPL,XNAS,1,1,0.9966380596160889,100,100.0,1
1749565125000000000,AAPL,XNAS,1,-1,0.9973152875900269,100,195.0,1
1749565125000000000,AAPL,XNAS,2,1,0.9965896606445312,100,232.0,1
1749565125000000000,AAPL,XNAS,2,-1,0.9975087642669678,100,100.0,1
1749565126000000000,AAPL,XNAS,1,1,0.9966863989830017,100,90.0,1
1749565126000000000,AAPL,XNAS,1,-1,0.9973152875900269,100,295.0,2
1749565126000000000,AAPL,XNAS,2,1,0.9966380596160889,100,100.0,1
1749565126000000000,AAPL,XNAS,2,-1,0.9975087642669678,100,100.0,1
1749565127000000000,AAPL,XNAS,1,1,0.9968315362930298,100,100.0,1
1749565127000000000,AAPL,XNAS,1,-1,0.9973152875900269,100,205.0,1
1749565127000000000,AAPL,XNAS,2,1,0.9967831373214722,100,90.0,1
1749565127000000000,AAPL,XNAS,2,-1,0.9974120259284973,100,100.0,1
1749565128000000000,AAPL,XNAS,1,1,0.9967831373214722,100,100.0,1
1749565128000000000,AAPL,XNAS,1,-1,0.9973152875900269,100,441.0,3
1749565128000000000,AAPL,XNAS,2,1,0.9967347979545593,100,90.0,1
1749565128000000000,AAPL,XNAS,2,-1,0.9974120259284973,100,100.0,1
1749565129000000000,AAPL,XNAS,1,1,0.9967831373214722,100,157.0,1
1749565129000000000,AAPL,XNAS,1,-1,0.9973152875900269,100,441.0,3
1749565129000000000,AAPL,XNAS,2,1,0.9966380596160889,100,100.0,1
1749565129000000000,AAPL,XNAS,2,-1,0.9974120259284973,100,100.0,1
1749565131000000000,AAPL,XNAS,1,1,0.9967831373214722,100,157.0,1
1749565131000000000,AAPL,XNAS,1,-1,0.9973152875900269,100,441.0,3
1749565131000000000,AAPL,XNAS,2,1,0.9966380596160889,100,100.0,1
1749565131000000000,AAPL,XNAS,2,-1,0.9973636269569397,100,100.0,1
1749565137000000000,AAPL,XNAS,1,1,0.9967831373214722,100,57.0,1
1749565137000000000,AAPL,XNAS,1,-1,0.9972668886184692,100,90.0,1
1749565137000000000,AAPL,XNAS,2,1,0.9966380596160889,100,100.0,1
1749565137000000000,AAPL,XNAS,2,-1,0.9973152875900269,100,441.0,3
1749565143000000000,AAPL,XNAS,1,1,0.9967831373214722,100,57.0,1
1749565143000000000,AAPL,XNAS,1,-1,0.9972668886184692,100,90.0,1
1749565143000000000,AAPL,XNAS,2,1,0.9966380596160889,100,100.0,1
1749565143000000000,AAPL,XNAS,2,-1,0.9973152875900269,100,486.0,4
1749565145000000000,AAPL,XNAS,1,1,0.9968315362930298,100,100.0,1
1749565145000000000,AAPL,XNAS,1,-1,0.9973152875900269,100,486.0,4
1749565145000000000,AAPL,XNAS,2,1,0.9967831373214722,100,57.0,1
1749565145000000000,AAPL,XNAS,2,-1,0.9973636269569397,100,100.0,1
1749565159000000000,AAPL,XNAS,1,1,0.9972185492515564,100,90.0,1
1749565159000000000,AAPL,XNAS,1,-1,0.9983794689178467,100,90.0,1
1749565159000000000,AAPL,XNAS,2,1,0.9971701502799988,100,50.0,1
1749565159000000000,AAPL,XNAS,2,-1,0.9986697435379028,100,1.0,1
1749565160000000000,AAPL,XNAS,1,1,0.9972185492515564,100,90.0,1
1749565160000000000,AAPL,XNAS,1,-1,0.9981375932693481,100,186.0,1
1749565160000000000,AAPL,XNAS,2,1,0.9971217513084412,100,100.0,1
1749565160000000000,AAPL,XNAS,2,-1,0.9983794689178467,100,196.0,1
1749565161000000000,AAPL,XNAS,1,1,0.9972185492515564,100,90.0,1
1749565161000000000,AAPL,XNAS,1,-1,0.9981375932693481,100,186.0,1
1749565161000000000,AAPL,XNAS,2,1,0.9971217513084412,100,200.0,1
1749565161000000000,AAPL,XNAS,2,-1,0.9983794689178467,100,196.0,1
1749565163000000000,AAPL,XNAS,1,1,0.9972185492515564,100,90.0,1
1749565163000000000,AAPL,XNAS,1,-1,0.9981375932693481,100,186.0,1
1749565163000000000,AAPL,XNAS,2,1,0.9971217513084412,100,365.0,3
1749565163000000000,AAPL,XNAS,2,-1,0.9983794689178467,100,196.0,1
1749565170000000000,AAPL,XNAS,1,1,0.9972185492515564,100,90.0,1
1749565170000000000,AAPL,XNAS,1,-1,0.9981375932693481,100,286.0,2
1749565170000000000,AAPL,XNAS,2,1,0.9971217513084412,100,365.0,3
1749565170000000000,AAPL,XNAS,2,-1,0.9983794689178467,100,100.0,1
1749565173000000000,AAPL,XNAS,1,1,0.9972185492515564,100,90.0,1
1749565173000000000,AAPL,XNAS,1,-1,0.9981375932693481,100,486.0,4
1749565173000000000,AAPL,XNAS,2,1,0.9971217513084412,100,265.0,2
1749565173000000000,AAPL,XNAS,2,-1,0.9983794689178467,100,100.0,1
1749565176000000000,AAPL,XNAS,1,1,0.9971217513084412,100,100.0,1
1749565176000000000,AAPL,XNAS,1,-1,0.9981375932693481,100,583.0,4
1749565176000000000,AAPL,XNAS,2,1,0.9970734119415283,100,100.0,1
1749565176000000000,AAPL,XNAS,2,-1,0.9983794689178467,100,100.0,1
1749565180000000000,AAPL,XNAS,1,1,0.9971701502799988,100,90.0,1
1749565180000000000,AAPL,XNAS,1,-1,0.9981375932693481,100,386.0,3
1749565180000000000,AAPL,XNAS,2,1,0.9971217513084412,100,108.0,1
1749565180000000000,AAPL,XNAS,2,-1,0.9983794689178467,100,100.0,1
1749565188000000000,AAPL,XNAS,1,1,0.9971701502799988,100,90.0,1
1749565188000000000,AAPL,XNAS,1,-1,0.9981375932693481,100,486.0,4
1749565188000000000,AAPL,XNAS,2,1,0.9971217513084412,100,108.0,1
1749565188000000000,AAPL,XNAS,2,-1,0.9983794689178467,100,100.0,1
1749565189000000000,AAPL,XNAS,1,1,0.9971701502799988,100,90.0,1
1749565189000000000,AAPL,XNAS,1,-1,0.9981375932693481,100,386.0,3
1749565189000000000,AAPL,XNAS,2,1,0.9971217513084412,100,108.0,1
1749565189000000000,AAPL,XNAS,2,-1,0.9983794689178467,100,100.0,1
1749565200000000000,AAPL,XNAS,1,1,0.9982827305793762,100,1.0,1
1749565200000000000,AAPL,XNAS,1,-1,0.9985246062278748,100,73.0,1
1749565200000000000,AAPL,XNAS,2,1,0.9980892539024353,100,138.0,1
1749565200000000000,AAPL,XNAS,2,-1,0.9985730051994324,100,150.0,1
1749565201000000000,AAPL,XNAS,1,1,0.9980408549308777,100,125.0,1
1749565201000000000,AAPL,XNAS,1,-1,0.9984762072563171,100,90.0,1
1749565201000000000,AAPL,XNAS,2,1,0.9976055026054382,100,25.0,1
1749565201000000000,AAPL,XNAS,2,-1,0.9985246062278748,100,73.0,1
1749565203000000000,AAPL,XNAS,1,1,0.9980408549308777,100,125.0,1
1749565203000000000,AAPL,XNAS,1,-1,0.9983794689178467,100,90.0,1
1749565203000000000,AAPL,XNAS,2,1,0.9976055026054382,100,25.0,1
1749565203000000000,AAPL,XNAS,2,-1,0.9985246062278748,100,80.0,1
1749565204000000000,AAPL,XNAS,1,1,0.9980408549308777,100,125.0,1
1749565204000000000,AAPL,XNAS,1,-1,0.9983794689178467,100,90.0,1
1749565204000000000,AAPL,XNAS,2,1,0.9976055026054382,100,25.0,1
1749565204000000000,AAPL,XNAS,2,-1,0.9985246062278748,100,175.0,1
1749565206000000000,AAPL,XNAS,1,1,0.9980408549308777,100,188.0,1
1749565206000000000,AAPL,XNAS,1,-1,0.9984762072563171,100,90.0,1
1749565206000000000,AAPL,XNAS,2,1,0.9976055026054382,100,25.0,1
1749565206000000000,AAPL,XNAS,2,-1,0.9985246062278748,100,66.0,1
1749565207000000000,AAPL,XNAS,1,1,0.9980892539024353,100,90.0,1
1749565207000000000,AAPL,XNAS,1,-1,0.9985246062278748,100,66.0,1
1749565207000000000,AAPL,XNAS,2,1,0.9980408549308777,100,188.0,1
1749565207000000000,AAPL,XNAS,2,-1,0.9989599585533142,100,10.0,1
1749565208000000000,AAPL,XNAS,1,1,0.9980892539024353,100,90.0,1
1749565208000000000,AAPL,XNAS,1,-1,0.9989599585533142,100,100.0,1
1749565208000000000,AAPL,XNAS,2,1,0.9980408549308777,100,188.0,1
1749565208000000000,AAPL,XNAS,2,-1,0.9990083575248718,100,100.0,1
1749565209000000000,AAPL,XNAS,1,1,0.9980892539024353,100,90.0,1
1749565209000000000,AAPL,XNAS,1,-1,0.9988148212432861,100,90.0,1
1749565209000000000,AAPL,XNAS,2,1,0.9980408549308777,100,188.0,1
1749565209000000000,AAPL,XNAS,2,-1,0.9990566968917847,100,3.0,1
1749565210000000000,AAPL,XNAS,1,1,0.9981859922409058,100,90.0,1
1749565210000000000,AAPL,XNAS,1,-1,0.9989599585533142,100,90.0,1
1749565210000000000,AAPL,XNAS,2,1,0.9980408549308777,100,188.0,1
1749565210000000000,AAPL,XNAS,2,-1,0.9990566968917847,100,3.0,1
1749565211000000000,AAPL,XNAS,1,1,0.9983794689178467,100,90.0,1
1749565211000000000,AAPL,XNAS,1,-1,0.9990566968917847,100,3.0,1
1749565211000000000,AAPL,XNAS,2,1,0.9980408549308777,100,188.0,1
1749565211000000000,AAPL,XNAS,2,-1,0.9991050958633423,100,3.0,1
1749565212000000000,AAPL,XNAS,1,1,0.9984762072563171,100,90.0,1
1749565212000000000,AAPL,XNAS,1,-1,0.9990566968917847,100,3.0,1
1749565212000000000,AAPL,XNAS,2,1,0.9980408549308777,100,188.0,1
1749565212000000000,AAPL,XNAS,2,-1,0.9991050958633423,100,3.0,1
1749565213000000000,AAPL,XNAS,1,1,0.9988148212432861,100,90.0,1
1749565213000000000,AAPL,XNAS,1,-1,0.9993953108787537,100,1.0,1
