ts_ns,symbol,venue,price,price_ticks,size,aggressor_side
1749218412000000000,AAPL,XNAS,1.0003334283828735,100,202.0,BUY
1749218415000000000,AAPL,XNAS,1.000420093536377,100,77.0,BUY
1749218420000000000,AAPL,XNAS,1.0006402730941772,100,157.0,BUY
1749218423000000000,AAPL,XNAS,1.0007281303405762,100,237.0,BUY
1749218425000000000,AAPL,XNAS,1.0011005401611328,100,64.0,BUY
1749218428000000000,AAPL,XNAS,1.0011622905731201,100,100.0,BUY
1749218442000000000,AAPL,XNAS,1.0014076232910156,100,200.0,BUY
1749218444000000000,AAPL,XNAS,1.0012037754058838,100,100.0,SELL
1749218445000000000,AAPL,XNAS,1.0013062953948975,100,1.0,BUY
1749218448000000000,AAPL,XNAS,1.000998854637146,100,204.0,BUY
1749218456000000000,AAPL,XNAS,1.0011013746261597,100,9.0,BUY
1749218457000000000,AAPL,XNAS,1.0011483430862427,100,218.0,BUY
1749218458000000000,AAPL,XNAS,1.0011526346206665,100,100.0,BUY
1749218460000000000,AAPL,XNAS,1.0011526346206665,100,207.0,BUY
1749218461000000000,AAPL,XNAS,1.0012037754058838,100,100.0,BUY
1749218462000000000,AAPL,XNAS,1.0012037754058838,100,200.0,BUY
1749218464000000000,AAPL,XNAS,1.0012037754058838,100,100.0,BUY
1749218465000000000,AAPL,XNAS,1.0012037754058838,100,100.0,BUY
1749218470000000000,AAPL,XNAS,1.0015552043914795,100,300.0,BUY
1749218471000000000,AAPL,XNAS,1.0014086961746216,100,171.0,BUY
1749218474000000000,AAPL,XNAS,1.0011265277862549,100,201.0,BUY
1749218503000000000,AAPL,XNAS,1.0012037754058838,100,7.0,SELL
1749218517000000000,AAPL,XNAS,1.0007412433624268,100,205.0,SELL
1749218521000000000,AAPL,XNAS,1.0003349781036377,100,104.0,SELL
1749218522000000000,AAPL,XNAS,1.0002305507659912,100,1.0,SELL
1749218551000000000,AAPL,XNAS,1.000435471534729,100,1200.0,SELL
1749218552000000000,AAPL,XNAS,1.0008964538574219,100,29.0,BUY
1749218555000000000,AAPL,XNAS,1.000998854637146,100,101.0,BUY
1749218563000000000,AAPL,XNAS,1.0011013746261597,100,160.0,BUY
1749218565000000000,AAPL,XNAS,1.0012037754058838,100,300.0,BUY
1749218570000000000,AAPL,XNAS,1.0012037754058838,100,100.0,BUY
1749218611000000000,AAPL,XNAS,1.0014599561691284,100,6.0,BUY
1749218612000000000,AAPL,XNAS,1.0014886856079102,100,224.0,BUY
1749218624000000000,AAPL,XNAS,1.0018185377120972,100,1.0,BUY
1749218627000000000,AAPL,XNAS,1.0018185377120972,100,38.0,BUY
1749218639000000000,AAPL,XNAS,1.0015623569488525,100,2.0,SELL
1749218643000000000,AAPL,XNAS,1.0013062953948975,100,201.0,SELL
1749218650000000000,AAPL,XNAS,1.0012037754058838,100,200.0,SELL
1749218655000000000,AAPL,XNAS,1.0015623569488525,100,100.0,BUY
1749218660000000000,AAPL,XNAS,1.001867651939392,100,101.0,SELL
1749218687000000000,AAPL,XNAS,1.002105712890625,100,733.0,SELL
1749218690000000000,AAPL,XNAS,1.0023307800292969,100,1.0,BUY
1749218693000000000,AAPL,XNAS,1.0023820400238037,100,93.0,BUY
1749218704000000000,AAPL,XNAS,1.0019721984863281,100,1.0,SELL
1749218712000000000,AAPL,XNAS,1.0025357007980347,100,106.0,BUY
1749218715000000000,AAPL,XNAS,1.002586841583252,100,21.0,BUY
1749218774000000000,AAPL,XNAS,1.0024186372756958,100,28.0,SELL
1749218776000000000,AAPL,XNAS,1.0023307800292969,100,1.0,SELL
1749218783000000000,AAPL,XNAS,1.0025357007980347,100,6.0,BUY
1749218785000000000,AAPL,XNAS,1.0027259588241577,100,56.0,BUY
1749218832000000000,AAPL,XNAS,1.0028942823410034,100,1.0,BUY
1749218841000000000,AAPL,XNAS,1.0029966831207275,100,101.0,BUY
1749218845000000000,AAPL,XNAS,1.0030992031097412,100,57.0,SELL
1749218854000000000,AAPL,XNAS,1.0034692287445068,100,445.0,BUY
1749218867000000000,AAPL,XNAS,1.0028430223464966,100,119.0,SELL
1749218896000000000,AAPL,XNAS,1.0023820400238037,100,1.0,SELL
1749218906000000000,AAPL,XNAS,1.0029995441436768,100,106.0,BUY
1749218908000000000,AAPL,XNAS,1.0031474828720093,100,267.0,SELL
1749218934000000000,AAPL,XNAS,1.0027917623519897,100,101.0,BUY
1749218962000000000,AAPL,XNAS,1.0030992031097412,100,40.0,BUY
1749218989000000000,AAPL,XNAS,1.0030479431152344,100,6.0,BUY
1749219003000000000,AAPL,XNAS,0.9975102543830872,100,105.0,BUY
1749219004000000000,AAPL,XNAS,0.9972111582756042,100,284.0,SELL
1749219110000000000,AAPL,XNAS,0.9971356987953186,100,117.0,SELL
1749219112000000000,AAPL,XNAS,0.9968618750572205,100,2.0,SELL
1749219144000000000,AAPL,XNAS,0.9967606663703918,100,15.0,SELL
1749219209000000000,AAPL,XNAS,0.9964569807052612,100,100.0,SELL
1749219346000000000,AAPL,XNAS,0.9973427057266235,100,2.0,BUY
1749219348000000000,AAPL,XNAS,0.9974374771118164,100,360.0,SELL
1749219445000000000,AAPL,XNAS,0.9979248046875,100,1.0,BUY
1749219490000000000,AAPL,XNAS,0.9979248046875,100,4.0,BUY
1749219505000000000,AAPL,XNAS,0.9975704550743103,100,150.0,SELL
1749219649000000000,AAPL,XNAS,0.9999282956123352,100,195.0,BUY
1749219650000000000,AAPL,XNAS,0.9997370839118958,100,19.0,SELL
1749219659000000000,AAPL,XNAS,0.9994503259658813,100,2.0,SELL
1749219672000000000,AAPL,XNAS,0.999641478061676,100,24.0,SELL
1749219680000000000,AAPL,XNAS,0.9996892809867859,100,100.0,SELL
1749219686000000000,AAPL,XNAS,0.999950110912323,100,136.0,SELL
1749219688000000000,AAPL,XNAS,1.0003106594085693,100,100.0,BUY
1749219757000000000,AAPL,XNAS,1.0004799365997314,100,48.0,SELL
1749219771000000000,AAPL,XNAS,1.0007818937301636,100,35.0,BUY
1749219774000000000,AAPL,XNAS,1.000788688659668,100,1.0,BUY
1749219776000000000,AAPL,XNAS,1.0009082555770874,100,20.0,BUY
1749219779000000000,AAPL,XNAS,1.000788688659668,100,17.0,BUY
1749219787000000000,AAPL,XNAS,1.0006930828094482,100,4.0,SELL
1749219796000000000,AAPL,XNAS,1.0009320974349976,100,11.0,BUY
1749219803000000000,AAPL,XNAS,1.000788688659668,100,4.0,SELL
1749219805000000000,AAPL,XNAS,1.000810146331787,100,201.0,BUY
1749219807000000000,AAPL,XNAS,1.0005974769592285,100,1.0,SELL
1749219809000000000,AAPL,XNAS,1.0008364915847778,100,20.0,UNKNOWN
1749219819000000000,AAPL,XNAS,1.0008364915847778,100,107.0,BUY
1749219822000000000,AAPL,XNAS,1.0008364915847778,100,55.0,SELL
1749219826000000000,AAPL,XNAS,1.0010631084442139,100,127.0,BUY
1749219834000000000,AAPL,XNAS,1.0011298656463623,100,102.0,BUY
1749219835000000000,AAPL,XNAS,1.0011711120605469,100,4.0,BUY
1749219845000000000,AAPL,XNAS,1.0012669563293457,100,219.0,BUY
1749219867000000000,AAPL,XNAS,1.0008842945098877,100,20.0,UNKNOWN
1749219870000000000,AAPL,XNAS,1.000738263130188,100,111.0,BUY
1749219896000000000,AAPL,XNAS,1.0005974769592285,100,2.0,SELL
1749219900000000000,AAPL,XNAS,1.000788688659668,100,300.0,SELL
1749219920000000000,AAPL,XNAS,1.000788688659668,100,200.0,BUY
1749219957000000000,AAPL,XNAS,1.0003998279571533,100,104.0,BUY
1749219966000000000,AAPL,XNAS,1.0002150535583496,100,3.0,SELL
1749219987000000000,AAPL,XNAS,0.9998804926872253,100,4.0,SELL
1749219988000000000,AAPL,XNAS,1.0001194477081299,100,123.0,SELL
1749220003000000000,AAPL,XNAS,0.9999760985374451,100,5.0,SELL
1749220034000000000,AAPL,XNAS,0.9995151162147522,100,129.0,BUY
1749220060000000000,AAPL,XNAS,0.9993103742599487,100,97.0,BUY
1749220067000000000,AAPL,XNAS,0.9991157054901123,100,20.0,SELL
1749220083000000000,AAPL,XNAS,0.9991635084152222,100,1.0,SELL
1749220089000000000,AAPL,XNAS,0.9990679025650024,100,20.0,BUY
1749220093000000000,AAPL,XNAS,0.9989244937896729,100,3.0,BUY
1749220103000000000,AAPL,XNAS,0.9986127018928528,100,191.0,BUY
1749220106000000000,AAPL,XNAS,0.9988446235656738,100,222.0,SELL
1749220109000000000,AAPL,XNAS,0.9992591142654419,100,100.0,BUY
1749220110000000000,AAPL,XNAS,0.9992591142654419,100,100.0,BUY
1749220114000000000,AAPL,XNAS,0.9992591142654419,100,3.0,SELL
1749220122000000000,AAPL,XNAS,0.9992591142654419,100,3.0,SELL
1749220124000000000,AAPL,XNAS,0.9994313716888428,100,331.0,SELL
1749220128000000000,AAPL,XNAS,0.9997097849845886,100,21.0,SELL
1749220130000000000,AAPL,XNAS,0.999641478061676,100,90.0,BUY
1749220141000000000,AAPL,XNAS,0.9997307658195496,100,218.0,SELL
1749220167000000000,AAPL,XNAS,0.9995895624160767,100,23.0,BUY
1749220201000000000,AAPL,XNAS,1.001771092414856,100,1.0,BUY
1749220250000000000,AAPL,XNAS,1.0017250776290894,100,219.0,BUY
1749220251000000000,AAPL,XNAS,1.0014086961746216,100,129.0,BUY
1749220253000000000,AAPL,XNAS,1.0010809898376465,100,3.0,SELL
1749220274000000000,AAPL,XNAS,1.0014030933380127,100,128.0,BUY
1749220284000000000,AAPL,XNAS,1.0016790628433228,100,6.0,BUY
1749220310000000000,AAPL,XNAS,1.0018630027770996,100,100.0,BUY
1749220315000000000,AAPL,XNAS,1.0018630027770996,100,200.0,BUY
1749220327000000000,AAPL,XNAS,1.0018171072006226,100,115.0,BUY
1749220328000000000,AAPL,XNAS,1.001560926437378,100,176.0,SELL
1749220340000000000,AAPL,XNAS,1.001357078552246,100,5.0,SELL
1749220345000000000,AAPL,XNAS,1.001357078552246,100,9.0,SELL
1749220355000000000,AAPL,XNAS,1.0016422271728516,100,25.0,BUY
1749220381000000000,AAPL,XNAS,1.001429796218872,100,405.0,BUY
1749220403000000000,AAPL,XNAS,1.0016019344329834,100,183.0,BUY
1749220459000000000,AAPL,XNAS,1.001309871673584,100,115.0,SELL
1749220485000000000,AAPL,XNAS,1.0017026662826538,100,216.0,BUY
1749220486000000000,AAPL,XNAS,1.001771092414856,100,1.0,BUY
1749220488000000000,AAPL,XNAS,1.0017706155776978,100,101.0,BUY
1749220490000000000,AAPL,XNAS,1.001771092414856,100,1.0,BUY
1749220491000000000,AAPL,XNAS,1.001771092414856,100,1.0,BUY
1749220492000000000,AAPL,XNAS,1.0016547441482544,100,203.0,BUY
1749220493000000000,AAPL,XNAS,1.0016790628433228,100,1.0,BUY
1749220539000000000,AAPL,XNAS,1.0015870332717896,100,80.0,BUY
1749220543000000000,AAPL,XNAS,1.001541018486023,100,100.0,BUY
1749220551000000000,AAPL,XNAS,1.0016330480575562,100,100.0,BUY
1749220553000000000,AAPL,XNAS,1.0013240575790405,100,237.0,SELL
1749220558000000000,AAPL,XNAS,1.0011593103408813,100,261.0,SELL
1749220559000000000,AAPL,XNAS,1.0012248754501343,100,55.0,SELL
1749220587000000000,AAPL,XNAS,1.0015870332717896,100,79.0,BUY
1749220594000000000,AAPL,XNAS,1.0011730194091797,100,6.0,SELL
1749220627000000000,AAPL,XNAS,1.0012084245681763,100,222.0,SELL
1749220629000000000,AAPL,XNAS,1.0014950037002563,100,106.0,BUY
1749220633000000000,AAPL,XNAS,1.001426100730896,100,200.0,BUY
1749220639000000000,AAPL,XNAS,1.0015870332717896,100,101.0,BUY
1749220669000000000,AAPL,XNAS,1.0017971992492676,100,37.0,BUY
1749220670000000000,AAPL,XNAS,1.0018171072006226,100,2.0,BUY
1749220682000000000,AAPL,XNAS,1.0019090175628662,100,9.0,BUY
1749220686000000000,AAPL,XNAS,1.00190269947052,100,296.0,SELL
1749220694000000000,AAPL,XNAS,1.002047061920166,100,147.0,BUY
1749220700000000000,AAPL,XNAS,1.0020917654037476,100,180.0,BUY
1749220706000000000,AAPL,XNAS,1.0022305250167847,100,80.0,BUY
1749220707000000000,AAPL,XNAS,1.0022770166397095,100,2.0,BUY
1749220709000000000,AAPL,XNAS,1.0025155544281006,100,152.0,BUY
1749220734000000000,AAPL,XNAS,1.0024150609970093,100,112.0,SELL
1749220752000000000,AAPL,XNAS,1.0023256540298462,100,36.0,SELL
1749220761000000000,AAPL,XNAS,1.0025070905685425,100,5.0,BUY
1749220775000000000,AAPL,XNAS,1.0024610757827759,100,15.0,SELL
1749220777000000000,AAPL,XNAS,1.0025991201400757,100,35.0,BUY
1749220780000000000,AAPL,XNAS,1.0025991201400757,100,70.0,BUY
1749220787000000000,AAPL,XNAS,1.0025761127471924,100,200.0,BUY
1749220834000000000,AAPL,XNAS,0.9986859560012817,100,3.0,SELL
1749220839000000000,AAPL,XNAS,0.9986398220062256,100,1.0,UNKNOWN
1749220872000000000,AAPL,XNAS,0.9988703727722168,100,3.0,BUY
1749220923000000000,AAPL,XNAS,0.9985015392303467,100,100.0,SELL
1749220934000000000,AAPL,XNAS,0.9984554052352905,100,200.0,BUY
1749220955000000000,AAPL,XNAS,0.9982248544692993,100,10.0,SELL
1749220967000000000,AAPL,XNAS,0.9981326460838318,100,40.0,SELL
1749220985000000000,AAPL,XNAS,0.9979515075683594,100,28.0,SELL
1749221018000000000,AAPL,XNAS,0.9981787800788879,100,6.0,BUY
1749221056000000000,AAPL,XNAS,0.9982091188430786,100,308.0,BUY
1749221092000000000,AAPL,XNAS,0.9984418749809265,100,215.0,BUY
1749221108000000000,AAPL,XNAS,0.9980867505073547,100,201.0,BUY
1749221148000000000,AAPL,XNAS,0.9982709884643555,100,4.0,BUY
1749221159000000000,AAPL,XNAS,0.9980865716934204,100,145.0,SELL
1749221200000000000,AAPL,XNAS,0.9980684518814087,100,255.0,BUY
1749221202000000000,AAPL,XNAS,0.9978560209274292,100,100.0,SELL
1749221204000000000,AAPL,XNAS,0.997809886932373,100,100.0,SELL
1749221208000000000,AAPL,XNAS,0.9979478120803833,100,105.0,SELL
1749221213000000000,AAPL,XNAS,0.9979020953178406,100,4.0,SELL
1749221214000000000,AAPL,XNAS,0.9977660775184631,100,101.0,SELL
1749221218000000000,AAPL,XNAS,0.9977407455444336,100,2.0,SELL
1749221266000000000,AAPL,XNAS,0.9975793361663818,100,100.0,SELL
1749221310000000000,AAPL,XNAS,0.9979961514472961,100,204.0,SELL
1749221314000000000,AAPL,XNAS,0.9979996681213379,100,104.0,SELL
1749221327000000000,AAPL,XNAS,0.9981756210327148,100,473.0,SELL
1749221328000000000,AAPL,XNAS,0.9983170628547668,100,98.0,SELL
1749221352000000000,AAPL,XNAS,0.9981787800788879,100,220.0,BUY
1749221353000000000,AAPL,XNAS,0.9979482293128967,100,200.0,BUY
1749221403000000000,AAPL,XNAS,1.0008834600448608,100,1.0,BUY
1749221433000000000,AAPL,XNAS,1.0009340047836304,100,222.0,BUY
1749221436000000000,AAPL,XNAS,1.0010854005813599,100,100.0,BUY
1749221448000000000,AAPL,XNAS,1.0008330345153809,100,203.0,SELL
1749221468000000000,AAPL,XNAS,1.0011738538742065,100,4.0,BUY
1749221501000000000,AAPL,XNAS,1.001640796661377,100,4.0,UNKNOWN
1749221517000000000,AAPL,XNAS,1.001893162727356,100,1.0,BUY
1749221518000000000,AAPL,XNAS,1.001893162727356,100,1.0,BUY
1749221546000000000,AAPL,XNAS,1.001691222190857,100,1.0,SELL
1749221569000000000,AAPL,XNAS,1.0021456480026245,100,14.0,SELL
1749221578000000000,AAPL,XNAS,1.0021456480026245,100,2.0,SELL
1749221596000000000,AAPL,XNAS,1.0021452903747559,100,120.0,SELL
1749221611000000000,AAPL,XNAS,1.002398133277893,100,1.0,BUY
1749221636000000000,AAPL,XNAS,1.0027010440826416,100,24.0,BUY
1749221659000000000,AAPL,XNAS,1.002398133277893,100,2.0,SELL
1749221689000000000,AAPL,XNAS,1.0029029846191406,100,1.0,BUY
1749221697000000000,AAPL,XNAS,1.0030039548873901,100,1.0,BUY
1749221698000000000,AAPL,XNAS,1.0030039548873901,100,1.0,BUY
1749221754000000000,AAPL,XNAS,1.0029534101486206,100,1.0,BUY
1749221757000000000,AAPL,XNAS,1.0030543804168701,100,13.0,SELL
1749221765000000000,AAPL,XNAS,1.0029029846191406,100,8.0,BUY
1749221777000000000,AAPL,XNAS,1.0034078359603882,100,100.0,BUY
1749221779000000000,AAPL,XNAS,1.0030543804168701,100,20.0,SELL
1749221808000000000,AAPL,XNAS,1.0031049251556396,100,1.0,SELL
1749221845000000000,AAPL,XNAS,1.0032058954238892,100,3.0,BUY
1749221857000000000,AAPL,XNAS,1.0028176307678223,100,287.0,BUY
1749221920000000000,AAPL,XNAS,1.002852439880371,100,7.0,BUY
1749221921000000000,AAPL,XNAS,1.002852439880371,100,14.0,BUY
1749221938000000000,AAPL,XNAS,1.002852439880371,100,2.0,SELL
1749221960000000000,AAPL,XNAS,1.0029029846191406,100,1.0,BUY
1749221973000000000,AAPL,XNAS,1.0026143789291382,100,218.0,BUY
1749221982000000000,AAPL,XNAS,1.0024611949920654,100,8.0,SELL
1749222003000000000,AAPL,XNAS,1.0010961294174194,100,23.0,BUY
1749222010000000000,AAPL,XNAS,1.0012565851211548,100,100.0,SELL
1749222030000000000,AAPL,XNAS,1.00107741355896,100,202.0,SELL
1749222048000000000,AAPL,XNAS,1.0013079643249512,100,101.0,BUY
1749222101000000000,AAPL,XNAS,1.0013675689697266,100,123.0,SELL
1749222107000000000,AAPL,XNAS,1.0014104843139648,100,4.0,SELL
1749222120000000000,AAPL,XNAS,1.0011540651321411,100,1.0,SELL
1749222149000000000,AAPL,XNAS,1.0014104843139648,100,1.0,SELL
1749222173000000000,AAPL,XNAS,1.0014104843139648,100,2.0,SELL
1749222207000000000,AAPL,XNAS,1.0012457370758057,100,212.0,BUY
1749222208000000000,AAPL,XNAS,1.0009019374847412,100,118.0,SELL
1749222228000000000,AAPL,XNAS,1.0007803440093994,100,28.0,SELL
1749222234000000000,AAPL,XNAS,1.0009657144546509,100,79.0,BUY
1749222240000000000,AAPL,XNAS,1.0006924867630005,100,2.0,SELL
1749222251000000000,AAPL,XNAS,1.0006099939346313,100,28.0,SELL
1749222254000000000,AAPL,XNAS,1.0004359483718872,100,11.0,SELL
1749222296000000000,AAPL,XNAS,1.0003305673599243,100,216.0,SELL
1749222297000000000,AAPL,XNAS,1.000215768814087,100,17.0,SELL
1749222323000000000,AAPL,XNAS,1.0001111030578613,100,18.0,SELL
1749222324000000000,AAPL,XNAS,0.9999932646751404,100,19.0,SELL
1749222325000000000,AAPL,XNAS,1.0001282691955566,100,20.0,BUY
1749222330000000000,AAPL,XNAS,1.00014328956604,100,41.0,BUY
1749222332000000000,AAPL,XNAS,1.0001795291900635,100,86.0,SELL
1749222344000000000,AAPL,XNAS,1.0000768899917603,100,2.0,SELL
1749222355000000000,AAPL,XNAS,0.9999049305915833,100,17.0,SELL
1749222370000000000,AAPL,XNAS,1.0000550746917725,100,321.0,SELL
1749222414000000000,AAPL,XNAS,1.0002307891845703,100,1.0,BUY
1749222431000000000,AAPL,XNAS,1.0003504753112793,100,3.0,BUY
1749222447000000000,AAPL,XNAS,1.0003337860107422,100,115.0,SELL
1749222451000000000,AAPL,XNAS,1.0002820491790771,100,44.0,SELL
1749222463000000000,AAPL,XNAS,1.0001248121261597,100,379.0,BUY
1749222465000000000,AAPL,XNAS,0.999923050403595,100,10.0,SELL
1749222468000000000,AAPL,XNAS,0.9998204708099365,100,1.0,SELL
1749222471000000000,AAPL,XNAS,0.9997692108154297,100,5.0,SELL
1749222479000000000,AAPL,XNAS,1.000059962272644,100,121.0,BUY
1749222544000000000,AAPL,XNAS,1.0000629425048828,100,22.0,SELL
1749222557000000000,AAPL,XNAS,1.000286340713501,100,241.0,SELL
1749222558000000000,AAPL,XNAS,1.0005385875701904,100,100.0,BUY
1749222568000000000,AAPL,XNAS,1.0003505945205688,100,221.0,BUY
1749222656000000000,AAPL,XNAS,0.9998730421066284,100,1.0,SELL
1749222671000000000,AAPL,XNAS,0.9998730421066284,100,1.0,SELL
1749222741000000000,AAPL,XNAS,0.9997715353965759,100,2.0,SELL
1749222790000000000,AAPL,XNAS,1.0001840591430664,100,444.0,SELL
1749222791000000000,AAPL,XNAS,1.0007870197296143,100,142.0,SELL
1749222796000000000,AAPL,XNAS,1.0007362365722656,100,15.0,SELL
1749222807000000000,AAPL,XNAS,1.0002820491790771,100,148.0,SELL
1749222825000000000,AAPL,XNAS,0.9999746084213257,100,36.0,SELL
1749222843000000000,AAPL,XNAS,0.9996660947799683,100,26.0,SELL
1749222890000000000,AAPL,XNAS,0.9998730421066284,100,1.0,SELL
1749222911000000000,AAPL,XNAS,0.9998223185539246,100,1.0,SELL
1749222917000000000,AAPL,XNAS,0.9999746084213257,100,18.0,BUY
1749222948000000000,AAPL,XNAS,0.9994668960571289,100,1.0,SELL
1749222966000000000,AAPL,XNAS,0.9991209506988525,100,364.0,BUY
1749222971000000000,AAPL,XNAS,0.9985529780387878,100,20.0,BUY
1749223015000000000,AAPL,XNAS,0.996522068977356,100,2.0,SELL
1749223056000000000,AAPL,XNAS,0.996522068977356,100,8.0,SELL
1749223083000000000,AAPL,XNAS,0.9963189363479614,100,100.0,BUY
1749223090000000000,AAPL,XNAS,0.9952019453048706,100,244.0,SELL
1749223096000000000,AAPL,XNAS,0.9947957396507263,99,2.0,SELL
1749223119000000000,AAPL,XNAS,0.9943895936012268,99,65.0,SELL
1749223120000000000,AAPL,XNAS,0.9943388104438782,99,100.0,SELL
1749223162000000000,AAPL,XNAS,0.9934922456741333,99,257.0,SELL
1749223175000000000,AAPL,XNAS,0.9932876825332642,99,111.0,SELL
1749223178000000000,AAPL,XNAS,0.9934756755828857,99,2.0,SELL
1749223183000000000,AAPL,XNAS,0.9938818216323853,99,11.0,SELL
1749223193000000000,AAPL,XNAS,0.9934756755828857,99,138.0,SELL
1749223222000000000,AAPL,XNAS,0.9995511770248413,100,1.0,BUY
1749223254000000000,AAPL,XNAS,0.9995039701461792,100,1.0,UNKNOWN
1749223262000000000,AAPL,XNAS,0.9997873902320862,100,4.0,BUY
1749223288000000000,AAPL,XNAS,0.9996929168701172,100,2.0,BUY
1749223342000000000,AAPL,XNAS,0.9994567036628723,100,1.0,BUY
1749223344000000000,AAPL,XNAS,0.9994567036628723,100,1.0,BUY
1749223360000000000,AAPL,XNAS,0.9995039701461792,100,69.0,SELL
1749223416000000000,AAPL,XNAS,1.000212550163269,100,100.0,SELL
1749223486000000000,AAPL,XNAS,0.9999849200248718,100,122.0,BUY
1749223487000000000,AAPL,XNAS,1.000165343284607,100,100.0,BUY
1749223489000000000,AAPL,XNAS,1.000165343284607,100,5.0,BUY
1749223506000000000,AAPL,XNAS,1.0003550052642822,100,197.0,BUY
1749223517000000000,AAPL,XNAS,1.0006849765777588,100,101.0,SELL
1749223536000000000,AAPL,XNAS,1.0006849765777588,100,1.0,BUY
1749223557000000000,AAPL,XNAS,1.0006849765777588,100,1.0,BUY
1749223580000000000,AAPL,XNAS,1.0009448528289795,100,200.0,SELL
1749223584000000000,AAPL,XNAS,1.0010629892349243,100,2.0,BUY
1749223592000000000,AAPL,XNAS,1.0005905628204346,100,200.0,BUY
1749223633000000000,AAPL,XNAS,1.000212550163269,100,100.0,SELL
1749223653000000000,AAPL,XNAS,0.999976396560669,100,2.0,BUY
1749223662000000000,AAPL,XNAS,0.9996929168701172,100,35.0,SELL
1749223703000000000,AAPL,XNAS,0.9998346567153931,100,1.0,SELL
1749223708000000000,AAPL,XNAS,0.9995400309562683,100,199.0,BUY
1749223743000000000,AAPL,XNAS,0.9994094967842102,100,1.0,UNKNOWN
1749223768000000000,AAPL,XNAS,0.9995984435081482,100,4.0,SELL
1749223813000000000,AAPL,XNAS,0.9997885227203369,100,299.0,SELL
1749223817000000000,AAPL,XNAS,0.9997850060462952,100,5.0,SELL
1749223819000000000,AAPL,XNAS,0.9997850060462952,100,1.0,SELL
1749223821000000000,AAPL,XNAS,0.9996428489685059,100,209.0,SELL
1749223822000000000,AAPL,XNAS,0.9995939135551453,100,100.0,UNKNOWN
1749223833000000000,AAPL,XNAS,0.9993072748184204,100,190.0,BUY
1749223841000000000,AAPL,XNAS,0.999310314655304,100,189.0,BUY
1749223859000000000,AAPL,XNAS,0.9993310570716858,100,201.0,BUY
1749223864000000000,AAPL,XNAS,0.9992117285728455,100,1.0,SELL
1749223886000000000,AAPL,XNAS,0.9990046620368958,100,3.0,SELL
1749223926000000000,AAPL,XNAS,0.9989250898361206,100,1.0,SELL
1749223946000000000,AAPL,XNAS,0.9988295435905457,100,1.0,SELL
1749223947000000000,AAPL,XNAS,0.9987339377403259,100,1.0,SELL
1749223973000000000,AAPL,XNAS,0.9985906481742859,100,1.0,SELL
1749223976000000000,AAPL,XNAS,0.9986622929573059,100,2.0,SELL
1749224007000000000,AAPL,XNAS,0.9986065626144409,100,3.0,BUY
1749224023000000000,AAPL,XNAS,0.9987462162971497,100,390.0,SELL
1749224026000000000,AAPL,XNAS,0.9987339377403259,100,1.0,BUY
1749224037000000000,AAPL,XNAS,0.99885493516922,100,620.0,SELL
1749224084000000000,AAPL,XNAS,0.9991639256477356,100,5.0,BUY
1749224086000000000,AAPL,XNAS,0.9993550181388855,100,77.0,SELL
1749224092000000000,AAPL,XNAS,0.9996417164802551,100,8.0,BUY
1749224133000000000,AAPL,XNAS,0.9994528889656067,100,21.0,SELL
1749224166000000000,AAPL,XNAS,0.9993550181388855,100,1.0,BUY
1749224176000000000,AAPL,XNAS,0.9993072748184204,100,100.0,BUY
1749224202000000000,AAPL,XNAS,0.9988772869110107,100,13.0,BUY
1749224205000000000,AAPL,XNAS,0.9991908073425293,100,217.0,BUY
1749224206000000000,AAPL,XNAS,0.9992594718933105,100,94.0,BUY
1749224261000000000,AAPL,XNAS,0.9989750981330872,100,21.0,SELL
1749224280000000000,AAPL,XNAS,0.9991639256477356,100,18.0,BUY
1749224288000000000,AAPL,XNAS,0.9990683794021606,100,1.0,BUY
1749224326000000000,AAPL,XNAS,0.9992117285728455,100,243.0,SELL
1749224331000000000,AAPL,XNAS,0.9992594718933105,100,1.0,SELL
1749224334000000000,AAPL,XNAS,0.9993013143539429,100,24.0,BUY
1749224335000000000,AAPL,XNAS,0.9994505643844604,100,21.0,BUY
1749224353000000000,AAPL,XNAS,0.9991161823272705,100,90.0,BUY
1749224369000000000,AAPL,XNAS,0.9994232654571533,100,280.0,SELL
1749224372000000000,AAPL,XNAS,0.9995939135551453,100,100.0,BUY
1749224379000000000,AAPL,XNAS,0.9996436834335327,100,384.0,BUY
1749224400000000000,AAPL,XNAS,0.9993429780006409,100,41.0,SELL
1749224409000000000,AAPL,XNAS,0.9990919828414917,100,200.0,SELL
1749224414000000000,AAPL,XNAS,0.9989386796951294,100,101.0,BUY
1749224427000000000,AAPL,XNAS,0.9989407062530518,100,5.0,BUY
1749224428000000000,AAPL,XNAS,0.9989991784095764,100,69.0,BUY
1749224429000000000,AAPL,XNAS,0.9990415573120117,100,6.0,BUY
1749224440000000000,AAPL,XNAS,0.9990415573120117,100,47.0,BUY
1749224441000000000,AAPL,XNAS,0.9990415573120117,100,47.0,BUY
1749224442000000000,AAPL,XNAS,0.9991949796676636,100,98.0,SELL
1749224448000000000,AAPL,XNAS,0.9991424679756165,100,100.0,BUY
1749224460000000000,AAPL,XNAS,0.9987064599990845,100,28.0,BUY
1749224488000000000,AAPL,XNAS,0.9984362125396729,100,4.0,BUY
1749224512000000000,AAPL,XNAS,0.9987733364105225,100,262.0,SELL
1749224513000000000,AAPL,XNAS,0.9993946552276611,100,2.0,BUY
1749224548000000000,AAPL,XNAS,0.9992433190345764,100,3.0,SELL
1749224564000000000,AAPL,XNAS,0.9998486638069153,100,35.0,BUY
1749224608000000000,AAPL,XNAS,0.9993442296981812,100,382.0,BUY
1749224609000000000,AAPL,XNAS,0.9992433190345764,100,2.0,SELL
1749224621000000000,AAPL,XNAS,0.9990415573120117,100,33.0,SELL
1749224625000000000,AAPL,XNAS,0.9989407062530518,100,1.0,BUY
1749224629000000000,AAPL,XNAS,0.9991040825843811,100,167.0,SELL
1749224668000000000,AAPL,XNAS,0.998789370059967,100,2.0,BUY
1749224706000000000,AAPL,XNAS,0.9990919828414917,100,386.0,BUY
1749224750000000000,AAPL,XNAS,0.998839795589447,100,1.0,SELL
1749224751000000000,AAPL,XNAS,0.9991424679756165,100,7.0,BUY
1749224778000000000,AAPL,XNAS,0.9991424679756165,100,13.0,BUY
1749224788000000000,AAPL,XNAS,0.998890221118927,100,4.0,BUY
1749224790000000000,AAPL,XNAS,0.9991399049758911,100,100.0,BUY
1749224810000000000,AAPL,XNAS,0.998839795589447,100,1.0,BUY
1749224812000000000,AAPL,XNAS,0.9990415573120117,100,60.0,BUY
1749224825000000000,AAPL,XNAS,0.9985873103141785,100,402.0,BUY
1749224844000000000,AAPL,XNAS,0.9987737536430359,100,369.0,SELL
1749224872000000000,AAPL,XNAS,0.998789370059967,100,2.0,BUY
1749224898000000000,AAPL,XNAS,0.9989407062530518,100,4.0,BUY
1749224940000000000,AAPL,XNAS,0.9988789558410645,100,67.0,BUY
1749224949000000000,AAPL,XNAS,0.998924732208252,100,624.0,SELL
1749224982000000000,AAPL,XNAS,0.9987136125564575,100,401.0,SELL
1749225001000000000,AAPL,XNAS,1.0009859800338745,100,2.0,BUY
1749225008000000000,AAPL,XNAS,1.0010969638824463,100,13.0,BUY
1749225038000000000,AAPL,XNAS,1.000889778137207,100,5.0,SELL
1749225039000000000,AAPL,XNAS,1.000745415687561,100,6.0,SELL
1749225047000000000,AAPL,XNAS,1.0010820627212524,100,48.0,BUY
1749225056000000000,AAPL,XNAS,1.0011276006698608,100,478.0,SELL
1749225057000000000,AAPL,XNAS,1.0014188289642334,100,100.0,BUY
1749225060000000000,AAPL,XNAS,1.0014668703079224,100,1.0,BUY
1749225071000000000,AAPL,XNAS,1.0012264251708984,100,100.0,SELL
1749225074000000000,AAPL,XNAS,1.0009859800338745,100,100.0,SELL
1749225078000000000,AAPL,XNAS,1.000937819480896,100,20.0,SELL
1749225091000000000,AAPL,XNAS,1.000699758529663,100,103.0,SELL
1749225110000000000,AAPL,XNAS,1.0004087686538696,100,1.0,SELL
1749225116000000000,AAPL,XNAS,1.0006649494171143,100,312.0,BUY
1749225124000000000,AAPL,XNAS,1.0009368658065796,100,101.0,BUY
1749225129000000000,AAPL,XNAS,1.00117826461792,100,1.0,BUY
1749225144000000000,AAPL,XNAS,1.0008176565170288,100,10.0,BUY
1749225165000000000,AAPL,XNAS,1.0009976625442505,100,409.0,BUY
1749225166000000000,AAPL,XNAS,1.0010340213775635,100,100.0,BUY
1749225167000000000,AAPL,XNAS,1.0010820627212524,100,207.0,SELL
1749225225000000000,AAPL,XNAS,1.001320242881775,100,420.0,BUY
1749225235000000000,AAPL,XNAS,1.0014994144439697,100,302.0,BUY
1749225236000000000,AAPL,XNAS,1.0015630722045898,100,200.0,BUY
1749225242000000000,AAPL,XNAS,1.001937985420227,100,639.0,BUY
1749225250000000000,AAPL,XNAS,1.0023325681686401,100,10.0,BUY
1749225251000000000,AAPL,XNAS,1.0019477605819702,100,100.0,SELL
1749225262000000000,AAPL,XNAS,1.0022845268249512,100,3.0,BUY
1749225265000000000,AAPL,XNAS,1.0026403665542603,100,500.0,SELL
1749225289000000000,AAPL,XNAS,1.003442406654358,100,676.0,BUY
1749225319000000000,AAPL,XNAS,1.003660798072815,100,34.0,BUY
1749225320000000000,AAPL,XNAS,1.0040159225463867,100,57.0,BUY
1749225325000000000,AAPL,XNAS,1.0040159225463867,100,99.0,BUY
1749225340000000000,AAPL,XNAS,1.0039256811141968,100,16.0,SELL
1749225343000000000,AAPL,XNAS,1.0036791563034058,100,121.0,SELL
1749225353000000000,AAPL,XNAS,1.0043525695800781,100,99.0,BUY
1749225362000000000,AAPL,XNAS,1.0044001340866089,100,101.0,SELL
1749225387000000000,AAPL,XNAS,1.004069447517395,100,236.0,SELL
1749225403000000000,AAPL,XNAS,1.0039677619934082,100,100.0,SELL
1749225405000000000,AAPL,XNAS,1.0037273168563843,100,319.0,SELL
1749225412000000000,AAPL,XNAS,1.0035830736160278,100,242.0,SELL
1749225413000000000,AAPL,XNAS,1.0033906698226929,100,8.0,SELL
1749225415000000000,AAPL,XNAS,1.0033906698226929,100,100.0,SELL
1749225416000000000,AAPL,XNAS,1.0033996105194092,100,128.0,BUY
1749225418000000000,AAPL,XNAS,1.0033906698226929,100,50.0,UNKNOWN
1749225438000000000,AAPL,XNAS,1.003188133239746,100,152.0,BUY
1749225452000000000,AAPL,XNAS,1.0028616189956665,100,1.0,BUY
1749225489000000000,AAPL,XNAS,1.0021172761917114,100,63.0,BUY
1749225539000000000,AAPL,XNAS,1.0016635656356812,100,110.0,SELL
1749225540000000000,AAPL,XNAS,1.0016111135482788,100,248.0,BUY
1749225542000000000,AAPL,XNAS,1.0018516778945923,100,10.0,BUY
1749225544000000000,AAPL,XNAS,1.0021905899047852,100,246.0,BUY
1749225572000000000,AAPL,XNAS,1.0017073154449463,100,14.0,SELL
1749225592000000000,AAPL,XNAS,1.0022579431533813,100,521.0,BUY
1749225593000000000,AAPL,XNAS,1.002380609512329,100,102.0,BUY
1749225647000000000,AAPL,XNAS,1.0004621744155884,100,5.0,BUY
1749225664000000000,AAPL,XNAS,1.0005813837051392,100,235.0,SELL
1749225665000000000,AAPL,XNAS,1.0007539987564087,100,1.0,BUY
1749225671000000000,AAPL,XNAS,1.0004034042358398,100,97.0,SELL
1749225703000000000,AAPL,XNAS,1.0001410245895386,100,5.0,BUY
1749225704000000000,AAPL,XNAS,0.9996842741966248,100,111.0,SELL
1749225715000000000,AAPL,XNAS,0.9996351599693298,100,1.0,SELL
1749225724000000000,AAPL,XNAS,0.9995101094245911,100,21.0,SELL
1749225735000000000,AAPL,XNAS,0.9992170929908752,100,74.0,BUY
1749225746000000000,AAPL,XNAS,0.9988725781440735,100,31.0,SELL
1749225748000000000,AAPL,XNAS,0.9987109303474426,100,1.0,SELL
1749225779000000000,AAPL,XNAS,0.9991973638534546,100,102.0,BUY
1749225780000000000,AAPL,XNAS,0.9991000890731812,100,1.0,BUY
1749225794000000000,AAPL,XNAS,0.9987109303474426,100,24.0,SELL
1749225828000000000,AAPL,XNAS,0.9986180663108826,100,11.0,SELL
1749225829000000000,AAPL,XNAS,0.9985650181770325,100,10.0,SELL
1749225833000000000,AAPL,XNAS,0.9984028339385986,100,135.0,BUY
1749225836000000000,AAPL,XNAS,0.9980868697166443,100,41.0,SELL
1749225919000000000,AAPL,XNAS,0.9985216856002808,100,173.0,BUY
1749225924000000000,AAPL,XNAS,0.9984190464019775,100,1.0,BUY
1749225970000000000,AAPL,XNAS,0.998175859451294,100,1.0,UNKNOWN
1749225989000000000,AAPL,XNAS,0.9981272220611572,100,1.0,BUY
1749226037000000000,AAPL,XNAS,0.9980785846710205,100,1.0,SELL
1749226060000000000,AAPL,XNAS,0.9977867007255554,100,66.0,SELL
1749226104000000000,AAPL,XNAS,0.9981272220611572,100,5.0,SELL
1749226123000000000,AAPL,XNAS,0.9979771375656128,100,47.0,SELL
1749226131000000000,AAPL,XNAS,0.9978353381156921,100,1.0,SELL
1749226134000000000,AAPL,XNAS,0.9977840185165405,100,273.0,BUY
1749226151000000000,AAPL,XNAS,0.997543454170227,100,2.0,SELL
1749226153000000000,AAPL,XNAS,0.9974948167800903,100,5.0,SELL
1749226174000000000,AAPL,XNAS,0.9977037906646729,100,338.0,SELL
1749226175000000000,AAPL,XNAS,0.9978353381156921,100,1.0,BUY
1749226200000000000,AAPL,XNAS,1.0025306940078735,100,1.0,BUY
1749226203000000000,AAPL,XNAS,1.0027269124984741,100,49.0,BUY
1749226208000000000,AAPL,XNAS,1.0025306940078735,100,11.0,UNKNOWN
1749226212000000000,AAPL,XNAS,1.0025306940078735,100,4.0,BUY
1749226217000000000,AAPL,XNAS,1.0025306940078735,100,2.0,BUY
1749226236000000000,AAPL,XNAS,1.002632975578308,100,4.0,BUY
1749226256000000000,AAPL,XNAS,1.0024285316467285,100,1.0,BUY
1749226263000000000,AAPL,XNAS,1.002118468284607,100,312.0,SELL
1749226264000000000,AAPL,XNAS,1.001866102218628,100,2.0,SELL
1749226269000000000,AAPL,XNAS,1.001866102218628,100,7.0,SELL
1749226295000000000,AAPL,XNAS,1.0020705461502075,100,1.0,BUY
1749226315000000000,AAPL,XNAS,1.0017476081848145,100,314.0,SELL
1749226318000000000,AAPL,XNAS,1.0016130208969116,100,20.0,BUY
1749226343000000000,AAPL,XNAS,1.0013974905014038,100,6.0,SELL
1749226347000000000,AAPL,XNAS,1.0013036727905273,100,1.0,SELL
1749226359000000000,AAPL,XNAS,1.0012781620025635,100,2.0,SELL
1749226395000000000,AAPL,XNAS,1.0011928081512451,100,159.0,BUY
1749226404000000000,AAPL,XNAS,1.001150369644165,100,2.0,BUY
1749226441000000000,AAPL,XNAS,1.0008946657180786,100,6.0,SELL
1749226442000000000,AAPL,XNAS,1.000945806503296,100,2.0,SELL
1749226451000000000,AAPL,XNAS,1.0008435249328613,100,1.0,SELL
1749226455000000000,AAPL,XNAS,1.0010325908660889,100,155.0,SELL
1749226517000000000,AAPL,XNAS,1.0007438659667969,100,261.0,BUY
1749226518000000000,AAPL,XNAS,1.0006390810012817,100,1.0,BUY
1749226562000000000,AAPL,XNAS,1.0009170770645142,100,378.0,SELL
1749226563000000000,AAPL,XNAS,1.0013548135757446,100,109.0,BUY
1749226567000000000,AAPL,XNAS,1.0014057159423828,100,201.0,SELL
1749226607000000000,AAPL,XNAS,1.00125253200531,100,1.0,SELL
1749226612000000000,AAPL,XNAS,1.0014570951461792,100,1.0,BUY
1749226650000000000,AAPL,XNAS,1.0015082359313965,100,2.0,SELL
1749226651000000000,AAPL,XNAS,1.0015593767166138,100,43.0,BUY
1749226683000000000,AAPL,XNAS,1.0015082359313965,100,29.0,BUY
1749226703000000000,AAPL,XNAS,1.0014570951461792,100,1.0,SELL
1749226728000000000,AAPL,XNAS,1.0015082359313965,100,7.0,BUY
1749226733000000000,AAPL,XNAS,1.001610517501831,100,11.0,SELL
1749226796000000000,AAPL,XNAS,1.0015082359313965,100,1.0,UNKNOWN
1749226800000000000,AAPL,XNAS,0.9986554384231567,100,159.0,SELL
1749226863000000000,AAPL,XNAS,0.9979419708251953,100,2.0,BUY
1749226910000000000,AAPL,XNAS,0.9958810806274414,100,202.0,SELL
1749226951000000000,AAPL,XNAS,0.9943649768829346,99,6.0,SELL
1749226977000000000,AAPL,XNAS,0.993091881275177,99,102.0,BUY
1749227043000000000,AAPL,XNAS,0.9913269281387329,99,1.0,SELL
1749227073000000000,AAPL,XNAS,0.9905429482460022,99,69.0,SELL
1749227114000000000,AAPL,XNAS,0.9888278841972351,99,100.0,SELL
1749227115000000000,AAPL,XNAS,0.9880928993225098,99,225.0,SELL
1749227118000000000,AAPL,XNAS,0.9872599244117737,99,1.0,SELL
1749227119000000000,AAPL,XNAS,0.9871618747711182,99,3.0,SELL
1749227166000000000,AAPL,XNAS,0.9880318641662598,99,1328.0,SELL
1749227171000000000,AAPL,XNAS,0.9877989292144775,99,100.0,BUY
1749227198000000000,AAPL,XNAS,0.986181914806366,99,1.0,SELL
1749227201000000000,AAPL,XNAS,0.986181914806366,99,2.0,SELL
1749227215000000000,AAPL,XNAS,0.9850932955741882,99,417.0,SELL
1749227228000000000,AAPL,XNAS,0.9843499660491943,98,127.0,BUY
1749227254000000000,AAPL,XNAS,0.9830458760261536,98,10.0,SELL
1749227264000000000,AAPL,XNAS,0.9855448603630066,99,4.0,BUY
1749227267000000000,AAPL,XNAS,0.9858906865119934,99,698.0,SELL
1749227268000000000,AAPL,XNAS,0.985887885093689,99,101.0,BUY
1749227324000000000,AAPL,XNAS,0.9870878458023071,99,370.0,BUY
1749227329000000000,AAPL,XNAS,0.9877498745918274,99,200.0,BUY
1749227339000000000,AAPL,XNAS,0.9876028895378113,99,2.0,SELL
1749227343000000000,AAPL,XNAS,0.9876028895378113,99,1.0,BUY
1749227385000000000,AAPL,XNAS,0.9891219139099121,99,145.0,SELL
1749227406000000000,AAPL,XNAS,1.0006334781646729,100,137.0,SELL
1749227599000000000,AAPL,XNAS,1.0022187232971191,100,119.0,BUY
1749227606000000000,AAPL,XNAS,1.002241611480713,100,11.0,UNKNOWN
1749227649000000000,AAPL,XNAS,1.00160813331604,100,43.0,SELL
1749227657000000000,AAPL,XNAS,1.00160813331604,100,160.0,SELL
1749227671000000000,AAPL,XNAS,1.0028575658798218,100,114.0,SELL
1749227681000000000,AAPL,XNAS,1.0037041902542114,100,203.0,BUY
1749227702000000000,AAPL,XNAS,1.003849744796753,100,114.0,SELL
1749227726000000000,AAPL,XNAS,1.0043370723724365,100,3.0,SELL
1749227743000000000,AAPL,XNAS,1.0038353204727173,100,827.0,SELL
1749227778000000000,AAPL,XNAS,1.0043370723724365,100,202.0,SELL
1749227829000000000,AAPL,XNAS,1.0042883157730103,100,10.0,SELL
1749227872000000000,AAPL,XNAS,1.004239559173584,100,1.0,UNKNOWN
1749227885000000000,AAPL,XNAS,1.0036548376083374,100,3.0,SELL
1749227900000000000,AAPL,XNAS,1.003654956817627,100,701.0,SELL
1749227976000000000,AAPL,XNAS,1.0042511224746704,100,135.0,SELL
1749228030000000000,AAPL,XNAS,1.0005621910095215,100,241.0,BUY
1749228032000000000,AAPL,XNAS,1.0014512538909912,100,1.0,BUY
1749228034000000000,AAPL,XNAS,1.0014512538909912,100,2.0,BUY
1749228038000000000,AAPL,XNAS,1.0014512538909912,100,70.0,BUY
1749228065000000000,AAPL,XNAS,1.0006388425827026,100,672.0,SELL
1749228070000000000,AAPL,XNAS,1.0003312826156616,100,183.0,SELL
1749228074000000000,AAPL,XNAS,1.0001782178878784,100,15.0,SELL
1749228115000000000,AAPL,XNAS,0.9995613694190979,100,106.0,SELL
1749228124000000000,AAPL,XNAS,0.99946528673172,100,36.0,SELL
1749228131000000000,AAPL,XNAS,0.9997199177742004,100,22.0,BUY
1749228201000000000,AAPL,XNAS,1.0001765489578247,100,89.0,BUY
1749228222000000000,AAPL,XNAS,1.0010261535644531,100,60.0,BUY
1749228224000000000,AAPL,XNAS,1.0013961791992188,100,311.0,SELL
1749228260000000000,AAPL,XNAS,1.001502275466919,100,1.0,SELL
1749228310000000000,AAPL,XNAS,1.0030832290649414,100,167.0,BUY
1749228323000000000,AAPL,XNAS,1.0034372806549072,100,45.0,BUY
1749228340000000000,AAPL,XNAS,1.0034372806549072,100,5.0,BUY
1749228364000000000,AAPL,XNAS,1.0027244091033936,100,6.0,SELL
1749228389000000000,AAPL,XNAS,1.002314805984497,100,417.0,BUY
1749228393000000000,AAPL,XNAS,1.002418875694275,100,5.0,BUY
1749228440000000000,AAPL,XNAS,1.0022151470184326,100,1.0,BUY
1749228502000000000,AAPL,XNAS,1.0011813640594482,100,200.0,SELL
1749228514000000000,AAPL,XNAS,1.0029655694961548,100,38.0,BUY
1749228602000000000,AAPL,XNAS,0.9995985627174377,100,54.0,BUY
1749228608000000000,AAPL,XNAS,0.9990530014038086,100,100.0,SELL
1749228613000000000,AAPL,XNAS,0.9990317821502686,100,67.0,BUY
1749228649000000000,AAPL,XNAS,0.9986905455589294,100,281.0,BUY
1749228657000000000,AAPL,XNAS,0.9983705282211304,100,100.0,SELL
1749228664000000000,AAPL,XNAS,0.9989854693412781,100,294.0,SELL
1749228667000000000,AAPL,XNAS,0.9989845156669617,100,20.0,BUY
1749228684000000000,AAPL,XNAS,0.9990326762199402,100,102.0,BUY
1749228691000000000,AAPL,XNAS,0.9992679357528687,100,147.0,BUY
1749228700000000000,AAPL,XNAS,0.9994789958000183,100,377.0,BUY
1749228704000000000,AAPL,XNAS,0.9991734623908997,100,1.0,SELL
1749228707000000000,AAPL,XNAS,0.9995512962341309,100,100.0,SELL
1749228709000000000,AAPL,XNAS,0.9996457695960999,100,1.0,BUY
1749228717000000000,AAPL,XNAS,0.9994096159934998,100,2.0,BUY
1749228741000000000,AAPL,XNAS,0.999692976474762,100,100.0,BUY
1749228751000000000,AAPL,XNAS,0.9994568228721619,100,1.0,BUY
1749228753000000000,AAPL,XNAS,0.9991261959075928,100,22.0,SELL
1749228763000000000,AAPL,XNAS,0.9994582533836365,100,101.0,BUY
1749228785000000000,AAPL,XNAS,0.9993624091148376,100,95.0,SELL
1749228790000000000,AAPL,XNAS,0.9994096159934998,100,57.0,BUY
1749228797000000000,AAPL,XNAS,0.9996457695960999,100,1.0,BUY
1749228806000000000,AAPL,XNAS,0.999787449836731,100,229.0,BUY
1749228807000000000,AAPL,XNAS,0.999787449836731,100,172.0,SELL
1749228817000000000,AAPL,XNAS,1.0000708103179932,100,6.0,BUY
1749228837000000000,AAPL,XNAS,1.0000708103179932,100,2.0,BUY
1749228839000000000,AAPL,XNAS,0.9999291300773621,100,1.0,BUY
1749228884000000000,AAPL,XNAS,0.999976396560669,100,102.0,BUY
1749228887000000000,AAPL,XNAS,0.999976396560669,100,17.0,BUY
1749228897000000000,AAPL,XNAS,0.9999291300773621,100,3.0,BUY
1749228898000000000,AAPL,XNAS,0.9995665550231934,100,99.0,SELL
1749228901000000000,AAPL,XNAS,0.999500572681427,100,27.0,BUY
1749228905000000000,AAPL,XNAS,0.9995040893554688,100,1.0,BUY
1749228906000000000,AAPL,XNAS,0.9995040893554688,100,99.0,SELL
1749228914000000000,AAPL,XNAS,0.9993151426315308,100,32.0,BUY
1749228921000000000,AAPL,XNAS,0.9993624091148376,100,50.0,BUY
1749228928000000000,AAPL,XNAS,0.9993624091148376,100,2.0,BUY
1749228929000000000,AAPL,XNAS,0.9993627071380615,100,301.0,BUY
1749228931000000000,AAPL,XNAS,0.9994096159934998,100,98.0,BUY
1749228954000000000,AAPL,XNAS,0.9995008707046509,100,103.0,SELL
1749228960000000000,AAPL,XNAS,0.9995040893554688,100,95.0,BUY
1749228971000000000,AAPL,XNAS,0.9990207552909851,100,352.0,BUY
1749228974000000000,AAPL,XNAS,0.9987956285476685,100,18.0,SELL
1749228987000000000,AAPL,XNAS,0.9990317821502686,100,134.0,SELL
1749228992000000000,AAPL,XNAS,0.9988428354263306,100,44.0,SELL
1749229005000000000,AAPL,XNAS,0.9984495639801025,100,211.0,BUY
1749229007000000000,AAPL,XNAS,0.9981815814971924,100,1.0,SELL
1749229010000000000,AAPL,XNAS,0.9981815814971924,100,1.0,SELL
1749229017000000000,AAPL,XNAS,0.9983233213424683,100,3.0,BUY
1749229018000000000,AAPL,XNAS,0.9984650015830994,100,100.0,SELL
1749229021000000000,AAPL,XNAS,0.9987483620643616,100,2.0,SELL
1749229022000000000,AAPL,XNAS,0.9989609122276306,100,200.0,SELL
1749229031000000000,AAPL,XNAS,0.9996175169944763,100,294.0,SELL
1749229033000000000,AAPL,XNAS,0.999976396560669,100,57.0,BUY
1749229055000000000,AAPL,XNAS,0.9995985627174377,100,100.0,BUY
1749229070000000000,AAPL,XNAS,0.9995985627174377,100,77.0,BUY
1749229079000000000,AAPL,XNAS,0.9994096159934998,100,1.0,SELL
1749229085000000000,AAPL,XNAS,0.9992220997810364,100,269.0,BUY
1749229103000000000,AAPL,XNAS,0.9987011551856995,100,100.0,SELL
1749229112000000000,AAPL,XNAS,0.9983705282211304,100,1.0,SELL
1749229137000000000,AAPL,XNAS,0.9986628293991089,100,504.0,SELL
1749229144000000000,AAPL,XNAS,0.9986391663551331,100,320.0,BUY
1749229146000000000,AAPL,XNAS,0.9987483620643616,100,50.0,BUY
1749229157000000000,AAPL,XNAS,0.9993151426315308,100,100.0,BUY
1749229162000000000,AAPL,XNAS,0.9995512962341309,100,1.0,SELL
1749229163000000000,AAPL,XNAS,0.9994568228721619,100,159.0,BUY
1749229192000000000,AAPL,XNAS,0.9990248680114746,100,398.0,BUY
1749229193000000000,AAPL,XNAS,0.9983705282211304,100,45.0,SELL
1749229194000000000,AAPL,XNAS,0.9982760548591614,100,100.0,SELL
1749229196000000000,AAPL,XNAS,0.9978026151657104,100,42.0,BUY
1749229197000000000,AAPL,XNAS,0.9965927600860596,100,388.0,SELL
1749229223000000000,AAPL,XNAS,1.000678539276123,100,201.0,BUY
1749229269000000000,AAPL,XNAS,1.0004698038101196,100,231.0,BUY
1749229276000000000,AAPL,XNAS,1.0001827478408813,100,4.0,SELL
1749229302000000000,AAPL,XNAS,1.0005742311477661,100,1.0,BUY
1749229307000000000,AAPL,XNAS,1.0005742311477661,100,4.0,BUY
1749229324000000000,AAPL,XNAS,1.0005742311477661,100,1.0,BUY
1749229365000000000,AAPL,XNAS,1.0005220174789429,100,1.0,BUY
1749229366000000000,AAPL,XNAS,1.0006866455078125,100,13.0,BUY
1749229373000000000,AAPL,XNAS,1.000887393951416,100,1.0,BUY
1749229396000000000,AAPL,XNAS,1.0010299682617188,100,86.0,BUY
1749229398000000000,AAPL,XNAS,1.0010439157485962,100,27.0,SELL
1749229409000000000,AAPL,XNAS,1.0007829666137695,100,229.0,BUY
1749229429000000000,AAPL,XNAS,1.0005220174789429,100,4.0,BUY
1749229455000000000,AAPL,XNAS,1.0006263256072998,100,1.0,BUY
1749229483000000000,AAPL,XNAS,1.0008351802825928,100,9.0,BUY
1749229486000000000,AAPL,XNAS,1.0006916522979736,100,4.0,SELL
1749229487000000000,AAPL,XNAS,1.0007307529449463,100,1.0,SELL
1749229488000000000,AAPL,XNAS,1.0010439157485962,100,60.0,BUY
1749229547000000000,AAPL,XNAS,1.0007829666137695,100,1.0,BUY
1749229557000000000,AAPL,XNAS,1.000522255897522,100,220.0,SELL
1749229564000000000,AAPL,XNAS,1.0005742311477661,100,1.0,SELL
1749229571000000000,AAPL,XNAS,1.0002609491348267,100,89.0,SELL
1749229576000000000,AAPL,XNAS,1.0002609491348267,100,12.0,SELL
1749229605000000000,AAPL,XNAS,1.0001044273376465,100,1.0,SELL
1749229606000000000,AAPL,XNAS,1.0001566410064697,100,1.0,BUY
1749229607000000000,AAPL,XNAS,1.0001044273376465,100,30.0,SELL
1749229609000000000,AAPL,XNAS,1.0001044273376465,100,10.0,SELL
1749229614000000000,AAPL,XNAS,1.0001044273376465,100,1.0,SELL
1749229617000000000,AAPL,XNAS,1.0002087354660034,100,5.0,SELL
1749229626000000000,AAPL,XNAS,1.0001566410064697,100,3.0,SELL
1749229643000000000,AAPL,XNAS,0.9998809695243835,100,268.0,SELL
1749229656000000000,AAPL,XNAS,0.9999477863311768,100,1.0,SELL
1749229666000000000,AAPL,XNAS,1.0,100,4.0,BUY
1749229673000000000,AAPL,XNAS,1.0,100,1.0,SELL
1749229681000000000,AAPL,XNAS,0.9997389912605286,100,10.0,SELL
1749229686000000000,AAPL,XNAS,0.9997389912605286,100,100.0,SELL
1749229702000000000,AAPL,XNAS,0.9995921850204468,100,144.0,SELL
1749229714000000000,AAPL,XNAS,0.9994780421257019,100,1.0,SELL
1749229722000000000,AAPL,XNAS,0.9993518590927124,100,24.0,SELL
1749229734000000000,AAPL,XNAS,0.9993736147880554,100,4.0,SELL
1749229736000000000,AAPL,XNAS,0.9995824098587036,100,1.0,SELL
1749229755000000000,AAPL,XNAS,0.9998759627342224,100,324.0,SELL
1749229757000000000,AAPL,XNAS,1.0000522136688232,100,1.0,SELL
1749229764000000000,AAPL,XNAS,1.0001949071884155,100,443.0,SELL
1749229790000000000,AAPL,XNAS,1.0003386735916138,100,119.0,SELL
1749229803000000000,AAPL,XNAS,1.001990556716919,100,689.0,BUY
1749229834000000000,AAPL,XNAS,0.9998071193695068,100,30.0,BUY
1749229851000000000,AAPL,XNAS,0.9984843730926514,100,50.0,SELL
1749229866000000000,AAPL,XNAS,0.9981261491775513,100,200.0,SELL
1749229883000000000,AAPL,XNAS,0.9979332685470581,100,14.0,BUY
1749229936000000000,AAPL,XNAS,0.9960594177246094,100,2.0,BUY
1749230000000000000,AAPL,XNAS,0.9955082535743713,100,1.0,BUY
1749230003000000000,AAPL,XNAS,0.9949020147323608,99,21.0,BUY
1749230060000000000,AAPL,XNAS,0.9946264624595642,99,2.0,BUY
1749230073000000000,AAPL,XNAS,0.9939445853233337,99,239.0,BUY
1749230087000000000,AAPL,XNAS,0.9947234988212585,99,317.0,BUY
1749230120000000000,AAPL,XNAS,0.9958457946777344,100,355.0,SELL
1749230129000000000,AAPL,XNAS,0.9956735968589783,100,1.0,BUY
1749230149000000000,AAPL,XNAS,0.9949571490287781,99,100.0,BUY
1749230180000000000,AAPL,XNAS,0.9943509101867676,99,2.0,UNKNOWN
1749230271000000000,AAPL,XNAS,0.9934139847755432,99,103.0,BUY
1749230340000000000,AAPL,XNAS,0.9932091236114502,99,269.0,BUY
1749230358000000000,AAPL,XNAS,0.9943327307701111,99,109.0,BUY
1749230372000000000,AAPL,XNAS,0.9950332641601562,100,247.0,SELL
1749230376000000000,AAPL,XNAS,0.9950484037399292,100,61.0,SELL
1749230377000000000,AAPL,XNAS,0.9946815967559814,99,100.0,BUY
1749230587000000000,AAPL,XNAS,1.000320553779602,100,102.0,SELL
1749230638000000000,AAPL,XNAS,1.0005552768707275,100,9.0,BUY
1749230672000000000,AAPL,XNAS,0.999975860118866,100,1.0,SELL
1749230674000000000,AAPL,XNAS,1.0006036758422852,100,52.0,BUY
1749230700000000000,AAPL,XNAS,0.9998451471328735,100,41.0,SELL
1749230750000000000,AAPL,XNAS,0.9994929432868958,100,202.0,BUY
1749230792000000000,AAPL,XNAS,0.999445378780365,100,134.0,BUY
1749230794000000000,AAPL,XNAS,1.0000065565109253,100,162.0,BUY
1749230861000000000,AAPL,XNAS,0.9995412230491638,100,101.0,SELL
1749230955000000000,AAPL,XNAS,0.9989618062973022,100,60.0,SELL
1749230974000000000,AAPL,XNAS,0.9989072680473328,100,31.0,SELL
1749231011000000000,AAPL,XNAS,1.0007320642471313,100,125.0,SELL
1749231076000000000,AAPL,XNAS,1.0011281967163086,100,200.0,SELL
1749231116000000000,AAPL,XNAS,1.0010055303573608,100,1.0,SELL
1749231259000000000,AAPL,XNAS,1.0012507438659668,100,103.0,BUY
1749231260000000000,AAPL,XNAS,1.0014469623565674,100,100.0,BUY
1749231266000000000,AAPL,XNAS,1.001594066619873,100,1.0,BUY
1749231297000000000,AAPL,XNAS,1.0018752813339233,100,15.0,BUY
1749231306000000000,AAPL,XNAS,1.0014959573745728,100,82.0,SELL
1749231366000000000,AAPL,XNAS,1.001888394355774,100,1.0,BUY
1749231367000000000,AAPL,XNAS,1.0020846128463745,100,11.0,BUY
1749231424000000000,AAPL,XNAS,1.0017902851104736,100,41.0,SELL
1749231498000000000,AAPL,XNAS,1.0012599229812622,100,293.0,BUY
1749231506000000000,AAPL,XNAS,1.0014469623565674,100,100.0,SELL
1749231523000000000,AAPL,XNAS,1.0016677379608154,100,200.0,UNKNOWN
1749231541000000000,AAPL,XNAS,1.0020356178283691,100,100.0,BUY
1749231547000000000,AAPL,XNAS,1.0017902851104736,100,1.0,SELL
1749231548000000000,AAPL,XNAS,1.0016921758651733,100,4.0,SELL
1749231551000000000,AAPL,XNAS,1.002025842666626,100,142.0,BUY
1749231555000000000,AAPL,XNAS,1.00225031375885,100,190.0,BUY
1749231556000000000,AAPL,XNAS,1.0023298263549805,100,12.0,BUY
1749231565000000000,AAPL,XNAS,1.001888394355774,100,100.0,SELL
1749231566000000000,AAPL,XNAS,1.0022317171096802,100,1.0,BUY
1749231578000000000,AAPL,XNAS,1.0017563104629517,100,130.0,SELL
1749231592000000000,AAPL,XNAS,1.0020846128463745,100,100.0,BUY
1749231593000000000,AAPL,XNAS,1.0021848678588867,100,23.0,BUY
1749231603000000000,AAPL,XNAS,0.9994577169418335,100,205.0,SELL
1749231635000000000,AAPL,XNAS,0.9991803765296936,100,1.0,SELL
1749231636000000000,AAPL,XNAS,0.9991803765296936,100,9.0,SELL
1749231651000000000,AAPL,XNAS,0.9991106986999512,100,25.0,SELL
1749231652000000000,AAPL,XNAS,0.9988707900047302,100,116.0,SELL
1749231654000000000,AAPL,XNAS,0.998719334602356,100,6.0,SELL
1749231670000000000,AAPL,XNAS,0.9988081455230713,100,15.0,SELL
1749231686000000000,AAPL,XNAS,0.9988217949867249,100,11.0,SELL
1749231698000000000,AAPL,XNAS,0.998428463935852,100,31.0,SELL
1749231718000000000,AAPL,XNAS,0.9982070326805115,100,1.0,SELL
1749231731000000000,AAPL,XNAS,0.9981558322906494,100,5.0,SELL
1749231746000000000,AAPL,XNAS,0.9983607530593872,100,1.0,BUY
1749231753000000000,AAPL,XNAS,0.9984632134437561,100,11.0,SELL
1749231781000000000,AAPL,XNAS,0.9984632134437561,100,1.0,BUY
1749231783000000000,AAPL,XNAS,0.9987279772758484,100,219.0,SELL
1749231785000000000,AAPL,XNAS,0.9989754557609558,100,1.0,SELL
1749231842000000000,AAPL,XNAS,0.9988217949867249,100,2.0,SELL
1749231846000000000,AAPL,XNAS,0.9988729953765869,100,1.0,SELL
1749231847000000000,AAPL,XNAS,0.9988217949867249,100,20.0,SELL
1749231874000000000,AAPL,XNAS,0.9986168742179871,100,1.0,SELL
1749231900000000000,AAPL,XNAS,0.9983808398246765,100,336.0,BUY
1749231902000000000,AAPL,XNAS,0.9981558322906494,100,1.0,SELL
1749231911000000000,AAPL,XNAS,0.9978923797607422,100,7.0,SELL
1749231966000000000,AAPL,XNAS,0.9982070326805115,100,1.0,SELL
1749231984000000000,AAPL,XNAS,0.9977997541427612,100,123.0,SELL
1749231999000000000,AAPL,XNAS,0.9975411295890808,100,16.0,SELL
1749232000000000000,AAPL,XNAS,0.997489869594574,100,23.0,SELL
1749232026000000000,AAPL,XNAS,0.9975923299789429,100,1.0,SELL
1749232051000000000,AAPL,XNAS,0.99733966588974,100,118.0,SELL
1749232060000000000,AAPL,XNAS,0.9972849488258362,100,3.0,SELL
1749232072000000000,AAPL,XNAS,0.9974653124809265,100,25.0,SELL
1749232081000000000,AAPL,XNAS,0.9976961612701416,100,220.0,SELL
1749232149000000000,AAPL,XNAS,0.998565673828125,100,1.0,SELL
1749232150000000000,AAPL,XNAS,0.998770534992218,100,1.0,BUY
1749232152000000000,AAPL,XNAS,0.9983094930648804,100,305.0,BUY
1749232174000000000,AAPL,XNAS,0.9990267157554626,100,1.0,BUY
1749232200000000000,AAPL,XNAS,0.999391496181488,100,3.0,SELL
1749232206000000000,AAPL,XNAS,0.9995787143707275,100,20.0,SELL
1749232219000000000,AAPL,XNAS,0.9992978572845459,100,100.0,BUY
1749232256000000000,AAPL,XNAS,0.9993446469306946,100,3.0,SELL
1749232266000000000,AAPL,XNAS,0.9994382858276367,100,1.0,SELL
1749232313000000000,AAPL,XNAS,0.9996723532676697,100,3.0,BUY
1749232326000000000,AAPL,XNAS,0.9992510676383972,100,2.0,SELL
1749232371000000000,AAPL,XNAS,0.9995319247245789,100,3.0,BUY
1749232388000000000,AAPL,XNAS,0.9996723532676697,100,1.0,SELL
1749232411000000000,AAPL,XNAS,0.9999501705169678,100,31.0,BUY
1749232427000000000,AAPL,XNAS,0.9998595714569092,100,3.0,BUY
1749232440000000000,AAPL,XNAS,0.9999063611030579,100,3.0,SELL
1749232460000000000,AAPL,XNAS,0.9994598627090454,100,364.0,BUY
1749232522000000000,AAPL,XNAS,0.9996255040168762,100,1.0,BUY
1749232601000000000,AAPL,XNAS,0.999765932559967,100,3.0,BUY
1749232609000000000,AAPL,XNAS,0.9992712140083313,100,532.0,BUY
1749232610000000000,AAPL,XNAS,0.9989702105522156,100,5.0,SELL
1749232611000000000,AAPL,XNAS,0.9992978572845459,100,100.0,SELL
1749232664000000000,AAPL,XNAS,0.9998127818107605,100,3.0,BUY
1749232678000000000,AAPL,XNAS,0.9994850754737854,100,2.0,SELL
1749232695000000000,AAPL,XNAS,0.9992510676383972,100,12.0,SELL
1749232722000000000,AAPL,XNAS,0.9995319247245789,100,1.0,SELL
1749232724000000000,AAPL,XNAS,0.9994382858276367,100,2.0,SELL
1749232759000000000,AAPL,XNAS,0.9992978572845459,100,3.0,SELL
1749232769000000000,AAPL,XNAS,0.9997997879981995,100,94.0,SELL
1749232770000000000,AAPL,XNAS,1.0000935792922974,100,139.0,BUY
1749232791000000000,AAPL,XNAS,0.9996723532676697,100,1.0,SELL
1749232806000000000,AAPL,XNAS,0.999628484249115,100,411.0,SELL
1749232808000000000,AAPL,XNAS,1.0005825757980347,100,100.0,SELL
1749232816000000000,AAPL,XNAS,1.0009891986846924,100,302.0,SELL
1749232833000000000,AAPL,XNAS,1.0009989738464355,100,361.0,BUY
1749232852000000000,AAPL,XNAS,1.0011746883392334,100,489.0,SELL
1749232853000000000,AAPL,XNAS,1.0010592937469482,100,10.0,SELL
1749232864000000000,AAPL,XNAS,1.0016419887542725,100,203.0,BUY
1749232865000000000,AAPL,XNAS,1.0018008947372437,100,1.0,SELL
1749232937000000000,AAPL,XNAS,1.0022836923599243,100,342.0,SELL
1749232938000000000,AAPL,XNAS,1.0023847818374634,100,42.0,BUY
1749233006000000000,AAPL,XNAS,1.001744031906128,100,539.0,BUY
1749233015000000000,AAPL,XNAS,1.0020115375518799,100,226.0,BUY
1749233029000000000,AAPL,XNAS,1.001198649406433,100,1037.0,BUY
1749233057000000000,AAPL,XNAS,1.0003178119659424,100,46.0,BUY
1749233068000000000,AAPL,XNAS,0.999811589717865,100,226.0,SELL
1749233071000000000,AAPL,XNAS,1.0000529289245605,100,2.0,SELL
1749233086000000000,AAPL,XNAS,0.9998410940170288,100,1.0,BUY
1749233100000000000,AAPL,XNAS,0.9989936351776123,100,5.0,SELL
1749233132000000000,AAPL,XNAS,0.9993114471435547,100,109.0,BUY
1749233169000000000,AAPL,XNAS,0.9993082880973816,100,336.0,BUY
1749233171000000000,AAPL,XNAS,0.9998927712440491,100,207.0,BUY
1749233204000000000,AAPL,XNAS,0.9993114471435547,100,58.0,SELL
1749233207000000000,AAPL,XNAS,0.9993114471435547,100,1.0,BUY
1749233244000000000,AAPL,XNAS,0.9987288117408752,100,100.0,SELL
1749233245000000000,AAPL,XNAS,0.9981991648674011,100,300.0,SELL
1749233251000000000,AAPL,XNAS,0.9977322816848755,100,366.0,BUY
1749233270000000000,AAPL,XNAS,0.9977224469184875,100,4.0,BUY
1749233271000000000,AAPL,XNAS,0.9975106120109558,100,1.0,UNKNOWN
1749233282000000000,AAPL,XNAS,0.9975106120109558,100,1.0,SELL
1749233293000000000,AAPL,XNAS,0.9979343414306641,100,310.0,BUY
1749233327000000000,AAPL,XNAS,0.997418999671936,100,222.0,SELL
1749233335000000000,AAPL,XNAS,0.9971532225608826,100,75.0,SELL
1749233345000000000,AAPL,XNAS,0.9974046349525452,100,121.0,BUY
1749233359000000000,AAPL,XNAS,0.9968352913856506,100,8.0,SELL
1749233365000000000,AAPL,XNAS,0.9968220591545105,100,1.0,SELL
1749233374000000000,AAPL,XNAS,0.9967690706253052,100,286.0,SELL
1749233380000000000,AAPL,XNAS,0.9973690509796143,100,305.0,BUY
1749233471000000000,AAPL,XNAS,0.999591052532196,100,103.0,SELL
1749233474000000000,AAPL,XNAS,0.9990115165710449,100,148.0,SELL
1749233491000000000,AAPL,XNAS,1.0003430843353271,100,111.0,BUY
1749233560000000000,AAPL,XNAS,1.0016608238220215,100,114.0,BUY
1749233717000000000,AAPL,XNAS,1.000826120376587,100,326.0,BUY
1749233721000000000,AAPL,XNAS,1.0008090734481812,100,100.0,SELL
1749233730000000000,AAPL,XNAS,1.0012136697769165,100,20.0,BUY
1749233734000000000,AAPL,XNAS,1.0014159679412842,100,2.0,BUY
1749233735000000000,AAPL,XNAS,1.0018316507339478,100,136.0,SELL
1749233753000000000,AAPL,XNAS,1.0016181468963623,100,157.0,BUY
1749233841000000000,AAPL,XNAS,1.0015676021575928,100,2.0,SELL
1749233846000000000,AAPL,XNAS,1.0019721984863281,100,12.0,BUY
1749233899000000000,AAPL,XNAS,1.0022755861282349,100,101.0,BUY
1749233926000000000,AAPL,XNAS,1.0020732879638672,100,1.0,SELL
1749233938000000000,AAPL,XNAS,1.0015676021575928,100,40.0,SELL
1749233951000000000,AAPL,XNAS,1.0023767948150635,100,1.0,BUY
1749233959000000000,AAPL,XNAS,1.0022755861282349,100,1.0,BUY
1749233968000000000,AAPL,XNAS,1.0015676021575928,100,49.0,SELL
1749234057000000000,AAPL,XNAS,1.000787377357483,100,116.0,SELL
1749234081000000000,AAPL,XNAS,1.000360131263733,100,297.0,BUY
1749234228000000000,AAPL,XNAS,0.999397873878479,100,107.0,BUY
1749234246000000000,AAPL,XNAS,0.999397873878479,100,384.0,SELL
1749234354000000000,AAPL,XNAS,1.0000743865966797,100,239.0,SELL
1749234385000000000,AAPL,XNAS,0.9998822808265686,100,314.0,SELL
1749234460000000000,AAPL,XNAS,0.9998841881752014,100,200.0,SELL
1749234477000000000,AAPL,XNAS,0.9995599985122681,100,200.0,BUY
1749234570000000000,AAPL,XNAS,0.9990656971931458,100,134.0,BUY
1749234624000000000,AAPL,XNAS,1.000093936920166,100,228.0,BUY
1749234645000000000,AAPL,XNAS,0.9997497797012329,100,172.0,SELL
1749234689000000000,AAPL,XNAS,0.9994494915008545,100,100.0,BUY
1749234700000000000,AAPL,XNAS,0.9989490509033203,100,100.0,SELL
1749234701000000000,AAPL,XNAS,0.9987488985061646,100,1.0,SELL
1749234721000000000,AAPL,XNAS,0.9985987544059753,100,105.0,SELL
1749234734000000000,AAPL,XNAS,0.9989572167396545,100,166.0,BUY
1749234760000000000,AAPL,XNAS,0.9986487627029419,100,5.0,SELL
1749234822000000000,AAPL,XNAS,0.9983985424041748,100,586.0,SELL
1749234853000000000,AAPL,XNAS,0.9988552331924438,100,64.0,BUY
1749234943000000000,AAPL,XNAS,0.9984486103057861,100,101.0,SELL
1749234947000000000,AAPL,XNAS,0.9983985424041748,100,393.0,SELL
1749234951000000000,AAPL,XNAS,0.9983985424041748,100,112.0,SELL
1749234957000000000,AAPL,XNAS,0.9983985424041748,100,288.0,SELL
1749234958000000000,AAPL,XNAS,0.9983985424041748,100,43.0,SELL
1749234961000000000,AAPL,XNAS,0.9983985424041748,100,157.0,SELL
1749234962000000000,AAPL,XNAS,0.998548686504364,100,1.0,SELL
1749234976000000000,AAPL,XNAS,0.9983985424041748,100,3.0,SELL
1749234984000000000,AAPL,XNAS,0.9988489747047424,100,23.0,BUY
1749235017000000000,AAPL,XNAS,0.998898983001709,100,20.0,SELL
1749235051000000000,AAPL,XNAS,0.9986470937728882,100,207.0,SELL
1749235052000000000,AAPL,XNAS,0.9983985424041748,100,497.0,SELL
1749235075000000000,AAPL,XNAS,0.9989490509033203,100,13.0,BUY
1749235089000000000,AAPL,XNAS,0.9984486103057861,100,24.0,SELL
1749235217000000000,AAPL,XNAS,0.996879518032074,100,697.0,BUY
1749235219000000000,AAPL,XNAS,0.9970709085464478,100,100.0,BUY
1749235220000000000,AAPL,XNAS,0.9965129494667053,100,100.0,SELL
1749235222000000000,AAPL,XNAS,0.9970709085464478,100,10.0,SELL
1749235236000000000,AAPL,XNAS,0.9965124130249023,100,101.0,BUY
1749235248000000000,AAPL,XNAS,0.9969974756240845,100,304.0,BUY
1749235266000000000,AAPL,XNAS,0.9953970909118652,100,1.0,BUY
1749235283000000000,AAPL,XNAS,0.9962897896766663,100,100.0,SELL
1749235300000000000,AAPL,XNAS,0.9953970909118652,100,24.0,BUY
1749235311000000000,AAPL,XNAS,0.9961592555046082,100,206.0,SELL
1749235337000000000,AAPL,XNAS,0.9961182475090027,100,202.0,BUY
1749235338000000000,AAPL,XNAS,0.9952297210693359,100,200.0,SELL
1749235344000000000,AAPL,XNAS,0.9948941469192505,99,133.0,SELL
1749235345000000000,AAPL,XNAS,0.9946718215942383,99,4.0,BUY
1749235379000000000,AAPL,XNAS,0.993834912776947,99,601.0,SELL
1749235381000000000,AAPL,XNAS,0.9948949813842773,99,100.0,BUY
1749235390000000000,AAPL,XNAS,0.9951739311218262,100,100.0,BUY
1749235391000000000,AAPL,XNAS,0.9952855110168457,100,100.0,SELL
1749235395000000000,AAPL,XNAS,0.9959074854850769,100,108.0,BUY
1749235396000000000,AAPL,XNAS,0.9955644607543945,100,20.0,SELL
1749235397000000000,AAPL,XNAS,0.9960108399391174,100,92.0,BUY
1749235399000000000,AAPL,XNAS,0.9951726794242859,100,402.0,BUY
1749235407000000000,AAPL,XNAS,0.9955086708068848,100,101.0,SELL
1749235411000000000,AAPL,XNAS,0.9948391914367676,99,1.0,BUY
1749235412000000000,AAPL,XNAS,0.9939968585968018,99,41.0,SELL
1749235413000000000,AAPL,XNAS,0.9936834573745728,99,7.0,BUY
1749235447000000000,AAPL,XNAS,0.9942812323570251,99,102.0,SELL
1749235476000000000,AAPL,XNAS,0.9947834014892578,99,52.0,SELL
1749235478000000000,AAPL,XNAS,0.9944486021995544,99,1.0,SELL
1749235493000000000,AAPL,XNAS,0.9940580725669861,99,1.0,BUY
1749235511000000000,AAPL,XNAS,0.9949507713317871,99,200.0,BUY
1749235515000000000,AAPL,XNAS,0.995293915271759,100,53.0,SELL
1749235529000000000,AAPL,XNAS,0.9959550499916077,100,2.0,BUY
1749235540000000000,AAPL,XNAS,0.996122419834137,100,1.0,BUY
1749235544000000000,AAPL,XNAS,0.9963827729225159,100,3.0,BUY
1749235557000000000,AAPL,XNAS,0.9954342842102051,100,300.0,SELL
1749235560000000000,AAPL,XNAS,0.9947485327720642,99,24.0,BUY
1749235562000000000,AAPL,XNAS,0.9953413009643555,100,100.0,SELL
1749235577000000000,AAPL,XNAS,0.9947834014892578,99,13.0,SELL
1749235611000000000,AAPL,XNAS,0.9955644607543945,100,1.0,BUY
1749235630000000000,AAPL,XNAS,0.9955086708068848,100,52.0,BUY
1749235643000000000,AAPL,XNAS,0.9943381547927856,99,201.0,SELL
1749235645000000000,AAPL,XNAS,0.9949507713317871,99,100.0,SELL
1749235650000000000,AAPL,XNAS,0.9939738512039185,99,204.0,SELL
1749235653000000000,AAPL,XNAS,0.994727611541748,99,52.0,SELL
1749235726000000000,AAPL,XNAS,0.9943928122520447,99,20.0,SELL
1749235755000000000,AAPL,XNAS,0.996122419834137,100,6.0,BUY
1749235764000000000,AAPL,XNAS,0.9951739311218262,100,300.0,UNKNOWN
1749235765000000000,AAPL,XNAS,0.9951610565185547,100,104.0,SELL
1749235774000000000,AAPL,XNAS,0.9941239953041077,99,11.0,SELL
1749235781000000000,AAPL,XNAS,0.9939185976982117,99,6.0,SELL
1749235786000000000,AAPL,XNAS,0.9936947226524353,99,201.0,SELL
1749235789000000000,AAPL,XNAS,0.9933276772499084,99,132.0,SELL
1749235801000000000,AAPL,XNAS,1.0006576776504517,100,3.0,BUY
1749235805000000000,AAPL,XNAS,0.999906063079834,100,98.0,SELL
1749235815000000000,AAPL,XNAS,1.0007516145706177,100,1.0,BUY
1749235843000000000,AAPL,XNAS,1.0012483596801758,100,141.0,BUY
1749235849000000000,AAPL,XNAS,1.0015032291412354,100,2.0,BUY
1749235851000000000,AAPL,XNAS,1.0015032291412354,100,100.0,BUY
1749235853000000000,AAPL,XNAS,1.0015032291412354,100,2.0,BUY
1749235876000000000,AAPL,XNAS,1.0011743307113647,100,100.0,SELL
1749235878000000000,AAPL,XNAS,1.0019259452819824,100,3.0,BUY
1749235884000000000,AAPL,XNAS,1.0018320083618164,100,2.0,BUY
1749235890000000000,AAPL,XNAS,1.0010803937911987,100,200.0,SELL
1749235894000000000,AAPL,XNAS,1.0015501976013184,100,2.0,BUY
1749235896000000000,AAPL,XNAS,1.0014562606811523,100,1.0,BUY
1749235911000000000,AAPL,XNAS,1.0010803937911987,100,3.0,SELL
1749235919000000000,AAPL,XNAS,1.0005176067352295,100,100.0,SELL
1749235923000000000,AAPL,XNAS,1.0011743307113647,100,1.0,SELL
1749235958000000000,AAPL,XNAS,1.0015501976013184,100,154.0,SELL
1749235964000000000,AAPL,XNAS,1.0021984577178955,100,10.0,SELL
1749235968000000000,AAPL,XNAS,1.002489686012268,100,5.0,SELL
1749235975000000000,AAPL,XNAS,1.002724528312683,100,2.0,BUY
1749235978000000000,AAPL,XNAS,1.002395749092102,100,6.0,BUY
1749235981000000000,AAPL,XNAS,1.002724528312683,100,38.0,BUY
1749235982000000000,AAPL,XNAS,1.002724528312683,100,2.0,BUY
1749235984000000000,AAPL,XNAS,1.002724528312683,100,100.0,BUY
1749236004000000000,AAPL,XNAS,1.002536654472351,100,2.0,BUY
1749236005000000000,AAPL,XNAS,1.002536654472351,100,100.0,BUY
1749236006000000000,AAPL,XNAS,1.002630591392517,100,2.0,BUY
1749236017000000000,AAPL,XNAS,1.002536654472351,100,3.0,BUY
1749236023000000000,AAPL,XNAS,1.002536654472351,100,2.0,BUY
1749236034000000000,AAPL,XNAS,1.002489686012268,100,1.0,BUY
1749236042000000000,AAPL,XNAS,1.0019729137420654,100,780.0,BUY
1749236079000000000,AAPL,XNAS,1.002348780632019,100,2.0,BUY
1749236082000000000,AAPL,XNAS,1.0019259452819824,100,100.0,SELL
1749236153000000000,AAPL,XNAS,1.0021607875823975,100,1.0,SELL
1749236168000000000,AAPL,XNAS,1.002395749092102,100,1.0,BUY
1749236221000000000,AAPL,XNAS,1.002395749092102,100,1.0,BUY
1749236244000000000,AAPL,XNAS,1.0017279386520386,100,348.0,BUY
1749236246000000000,AAPL,XNAS,1.0017850399017334,100,20.0,BUY
1749236274000000000,AAPL,XNAS,1.0012212991714478,100,1.0,BUY
1749236330000000000,AAPL,XNAS,0.999906063079834,100,102.0,SELL
1749236334000000000,AAPL,XNAS,0.9997181296348572,100,1.0,SELL
1749236394000000000,AAPL,XNAS,0.9988725781440735,100,1.0,BUY
1749236496000000000,AAPL,XNAS,0.9995324015617371,100,30.0,SELL
1749236505000000000,AAPL,XNAS,0.9998596906661987,100,100.0,SELL
1749236508000000000,AAPL,XNAS,1.000190019607544,100,403.0,BUY
1749236619000000000,AAPL,XNAS,0.9999064803123474,100,48.0,SELL
1749236660000000000,AAPL,XNAS,0.9996222853660583,100,104.0,SELL
1749236739000000000,AAPL,XNAS,0.9999064803123474,100,2.0,BUY
1749236740000000000,AAPL,XNAS,0.9994388818740845,100,5.0,SELL
1749236770000000000,AAPL,XNAS,0.9997194409370422,100,1.0,SELL
1749236780000000000,AAPL,XNAS,0.9996854066848755,100,22.0,SELL
1749236794000000000,AAPL,XNAS,0.9996726512908936,100,1.0,SELL
1749236807000000000,AAPL,XNAS,0.999583899974823,100,432.0,SELL
1749236812000000000,AAPL,XNAS,0.9993920922279358,100,3.0,SELL
1749236911000000000,AAPL,XNAS,0.9997227787971497,100,211.0,BUY
1749236913000000000,AAPL,XNAS,1.0,100,1.0,BUY
1749236924000000000,AAPL,XNAS,0.9994720220565796,100,31.0,SELL
1749236948000000000,AAPL,XNAS,0.9993380904197693,100,311.0,SELL
1749237031000000000,AAPL,XNAS,1.0,100,100.0,SELL
1749237054000000000,AAPL,XNAS,0.9999524354934692,100,100.0,SELL
1749237067000000000,AAPL,XNAS,0.9996669888496399,100,50.0,SELL
1749237070000000000,AAPL,XNAS,0.9992863535881042,100,1.0,SELL
1749237084000000000,AAPL,XNAS,0.9995718002319336,100,10.0,SELL
1749237153000000000,AAPL,XNAS,0.9994291067123413,100,28.0,SELL
1749237155000000000,AAPL,XNAS,0.9993814826011658,100,100.0,SELL
1749237194000000000,AAPL,XNAS,0.9990937113761902,100,101.0,BUY
1749237259000000000,AAPL,XNAS,0.9988581538200378,100,16.0,BUY
1749237278000000000,AAPL,XNAS,0.9993611574172974,100,131.0,SELL
1749237292000000000,AAPL,XNAS,0.9996669888496399,100,1.0,BUY
1749237347000000000,AAPL,XNAS,0.9992386102676392,100,264.0,BUY
1749237458000000000,AAPL,XNAS,1.0002378225326538,100,100.0,BUY
1749237464000000000,AAPL,XNAS,0.9994408488273621,100,109.0,SELL
1749237475000000000,AAPL,XNAS,0.9994766712188721,100,100.0,SELL
1749237512000000000,AAPL,XNAS,1.0003023147583008,100,121.0,BUY
1749237568000000000,AAPL,XNAS,1.0003806352615356,100,11.0,SELL
1749237594000000000,AAPL,XNAS,0.9999048709869385,100,1.0,SELL
1749237621000000000,AAPL,XNAS,1.0003825426101685,100,114.0,SELL
1749237765000000000,AAPL,XNAS,1.0009855031967163,100,34.0,BUY
1749237866000000000,AAPL,XNAS,1.000328540802002,100,127.0,SELL
1749237970000000000,AAPL,XNAS,1.0012381076812744,100,103.0,BUY
1749237983000000000,AAPL,XNAS,1.001288652420044,100,40.0,BUY
1749238037000000000,AAPL,XNAS,1.001288652420044,100,24.0,BUY
1749238053000000000,AAPL,XNAS,1.001778483390808,100,223.0,SELL
1749238062000000000,AAPL,XNAS,1.002396821975708,100,110.0,SELL
1749238233000000000,AAPL,XNAS,1.000335693359375,100,202.0,SELL
1749238240000000000,AAPL,XNAS,1.0001777410507202,100,288.0,BUY
1749238253000000000,AAPL,XNAS,0.9970203638076782,100,200.0,SELL
1749238267000000000,AAPL,XNAS,0.9952623844146729,100,11.0,BUY
1749238308000000000,AAPL,XNAS,0.9923422932624817,99,1.0,SELL
1749238328000000000,AAPL,XNAS,0.9909716844558716,99,200.0,BUY
1749238409000000000,AAPL,XNAS,0.9893794059753418,99,32.0,SELL
1749238415000000000,AAPL,XNAS,0.9917266964912415,99,303.0,BUY
1749238442000000000,AAPL,XNAS,0.9935341477394104,99,1.0,BUY
1749238447000000000,AAPL,XNAS,0.99427729845047,99,17.0,BUY
1749238463000000000,AAPL,XNAS,0.9946068525314331,99,3.0,BUY
1749238466000000000,AAPL,XNAS,0.9950920939445496,100,21.0,BUY
1749238469000000000,AAPL,XNAS,0.9953225255012512,100,101.0,BUY
1749238473000000000,AAPL,XNAS,0.9952096939086914,100,430.0,BUY
1749238490000000000,AAPL,XNAS,0.9958034157752991,100,101.0,BUY
1749238565000000000,AAPL,XNAS,0.9943098425865173,99,126.0,BUY
1749238613000000000,AAPL,XNAS,0.9948452115058899,99,1.0,SELL
1749238643000000000,AAPL,XNAS,0.996304988861084,100,512.0,SELL
1749238660000000000,AAPL,XNAS,0.9981198906898499,100,304.0,SELL
1749238663000000000,AAPL,XNAS,0.999440610408783,100,53.0,BUY
1749238715000000000,AAPL,XNAS,0.997473418712616,100,446.0,BUY
1749238716000000000,AAPL,XNAS,0.9960370659828186,100,1.0,SELL
1749238732000000000,AAPL,XNAS,0.9951431751251221,100,200.0,BUY
1749238814000000000,AAPL,XNAS,1.0010887384414673,100,130.0,BUY
1749238839000000000,AAPL,XNAS,1.0008571147918701,100,15.0,SELL
1749238842000000000,AAPL,XNAS,1.0005327463150024,100,12.0,SELL
1749238872000000000,AAPL,XNAS,1.00102698802948,100,300.0,SELL
1749238874000000000,AAPL,XNAS,1.001370906829834,100,11.0,BUY
1749238875000000000,AAPL,XNAS,1.0014593601226807,100,10.0,BUY
1749238877000000000,AAPL,XNAS,1.001505732536316,100,5.0,BUY
1749238890000000000,AAPL,XNAS,1.0015894174575806,100,26.0,BUY
1749238891000000000,AAPL,XNAS,1.0017706155776978,100,124.0,BUY
1749238892000000000,AAPL,XNAS,1.0019227266311646,100,10.0,BUY
1749238893000000000,AAPL,XNAS,1.0020153522491455,100,5.0,BUY
1749238908000000000,AAPL,XNAS,1.0015519857406616,100,2.0,BUY
1749238909000000000,AAPL,XNAS,1.001829981803894,100,47.0,BUY
1749238941000000000,AAPL,XNAS,1.0011895895004272,100,74.0,SELL
1749238958000000000,AAPL,XNAS,1.0008107423782349,100,100.0,BUY
1749238982000000000,AAPL,XNAS,1.000718116760254,100,179.0,BUY
1749238984000000000,AAPL,XNAS,1.0007904767990112,100,396.0,SELL
1749239032000000000,AAPL,XNAS,1.0015519857406616,100,7.0,BUY
1749239035000000000,AAPL,XNAS,1.0015519857406616,100,187.0,BUY
1749239040000000000,AAPL,XNAS,1.001829981803894,100,31.0,BUY
1749239174000000000,AAPL,XNAS,1.0007091760635376,100,135.0,BUY
1749239176000000000,AAPL,XNAS,1.0009033679962158,100,5.0,BUY
1749239203000000000,AAPL,XNAS,1.0008107423782349,100,9.0,SELL
1749239210000000000,AAPL,XNAS,1.0005178451538086,100,112.0,SELL
1749239280000000000,AAPL,XNAS,1.000915765762329,100,376.0,BUY
1749239301000000000,AAPL,XNAS,1.0009961128234863,100,101.0,BUY
1749239349000000000,AAPL,XNAS,1.0007644891738892,100,10.0,BUY
1749239377000000000,AAPL,XNAS,1.0010406970977783,100,105.0,BUY
1749239421000000000,AAPL,XNAS,1.0005947351455688,100,3.0,UNKNOWN
1749239424000000000,AAPL,XNAS,1.0006442070007324,100,1.0,BUY
1749239438000000000,AAPL,XNAS,1.0007299184799194,100,11.0,BUY
1749239450000000000,AAPL,XNAS,1.0005947351455688,100,1.0,SELL
1749239452000000000,AAPL,XNAS,1.0005947351455688,100,1.0,SELL
1749239465000000000,AAPL,XNAS,1.0007487535476685,100,111.0,SELL
1749239481000000000,AAPL,XNAS,1.0006937980651855,100,100.0,BUY
1749239528000000000,AAPL,XNAS,1.000833511352539,100,121.0,BUY
1749239539000000000,AAPL,XNAS,1.0008920431137085,100,5.0,BUY
1749239584000000000,AAPL,XNAS,1.0007433891296387,100,1.0,UNKNOWN
1749239591000000000,AAPL,XNAS,1.0007929801940918,100,1.0,BUY
1749239604000000000,AAPL,XNAS,1.0006442070007324,100,1.0,SELL
1749239637000000000,AAPL,XNAS,1.0005918741226196,100,212.0,BUY
1749239639000000000,AAPL,XNAS,1.0004955530166626,100,100.0,BUY
1749239691000000000,AAPL,XNAS,1.000396490097046,100,200.0,BUY
1749239712000000000,AAPL,XNAS,1.000446081161499,100,20.0,BUY
1749239725000000000,AAPL,XNAS,1.000446081161499,100,1.0,BUY
1749239793000000000,AAPL,XNAS,1.0005947351455688,100,1.0,BUY
1749239799000000000,AAPL,XNAS,1.000595211982727,100,496.0,BUY
1749239800000000000,AAPL,XNAS,1.000446081161499,100,4.0,SELL
1749239810000000000,AAPL,XNAS,1.0003283023834229,100,320.0,BUY
1749239824000000000,AAPL,XNAS,1.000686764717102,100,269.0,SELL
1749239825000000000,AAPL,XNAS,1.0008466243743896,100,120.0,SELL
1749239828000000000,AAPL,XNAS,1.0008424520492554,100,100.0,SELL
1749239831000000000,AAPL,XNAS,1.001036286354065,100,112.0,BUY
1749239834000000000,AAPL,XNAS,1.0008424520492554,100,100.0,BUY
1749239840000000000,AAPL,XNAS,1.0009416341781616,100,16.0,UNKNOWN
1749239851000000000,AAPL,XNAS,1.0010669231414795,100,246.0,SELL
1749239874000000000,AAPL,XNAS,1.0012885332107544,100,11.0,BUY
1749239875000000000,AAPL,XNAS,1.0011894702911377,100,1.0,BUY
1749239889000000000,AAPL,XNAS,1.0010902881622314,100,199.0,BUY
1749239890000000000,AAPL,XNAS,1.0011398792266846,100,200.0,SELL
1749239894000000000,AAPL,XNAS,1.0012389421463013,100,1.0,BUY
1749239898000000000,AAPL,XNAS,1.0011894702911377,100,1.0,SELL
1749239918000000000,AAPL,XNAS,1.0013381242752075,100,10.0,BUY
1749239925000000000,AAPL,XNAS,1.0012885332107544,100,1.0,BUY
1749239927000000000,AAPL,XNAS,1.0012885332107544,100,17.0,BUY
1749239944000000000,AAPL,XNAS,1.0010406970977783,100,100.0,SELL
1749239966000000000,AAPL,XNAS,1.0011963844299316,100,142.0,BUY
1749239970000000000,AAPL,XNAS,1.0011398792266846,100,100.0,BUY
1749240010000000000,AAPL,XNAS,0.9983319044113159,100,127.0,SELL
1749240025000000000,AAPL,XNAS,0.9980099201202393,100,273.0,SELL
1749240030000000000,AAPL,XNAS,0.9975574016571045,100,1.0,BUY
1749240047000000000,AAPL,XNAS,0.9970877170562744,100,1.0,SELL
1749240058000000000,AAPL,XNAS,0.9989001750946045,100,29.0,BUY
1749240097000000000,AAPL,XNAS,0.9981210827827454,100,1.0,SELL
1749240114000000000,AAPL,XNAS,0.9975104331970215,100,167.0,BUY
1749240119000000000,AAPL,XNAS,0.9975104331970215,100,200.0,SELL
1749240139000000000,AAPL,XNAS,0.9967353940010071,100,2.0,SELL
1749240151000000000,AAPL,XNAS,0.9977840781211853,100,194.0,BUY
1749240152000000000,AAPL,XNAS,0.9981780648231506,100,61.0,SELL
1749240166000000000,AAPL,XNAS,0.998685359954834,100,153.0,BUY
1749240167000000000,AAPL,XNAS,0.9990605711936951,100,8.0,BUY
1749240175000000000,AAPL,XNAS,0.9993893504142761,100,130.0,BUY
1749240190000000000,AAPL,XNAS,0.9987787008285522,100,176.0,BUY
1749240213000000000,AAPL,XNAS,0.9967588782310486,100,1.0,BUY
1749240231000000000,AAPL,XNAS,0.9972116947174072,100,280.0,SELL
1749240249000000000,AAPL,XNAS,0.9967588782310486,100,10.0,SELL
1749240292000000000,AAPL,XNAS,0.9977455735206604,100,181.0,BUY
1749240317000000000,AAPL,XNAS,0.9963478446006775,100,269.0,SELL
1749240344000000000,AAPL,XNAS,0.996959388256073,100,123.0,BUY
1749240347000000000,AAPL,XNAS,0.9972286224365234,100,2.0,BUY
1749240349000000000,AAPL,XNAS,0.9973225593566895,100,2.0,SELL
1749240355000000000,AAPL,XNAS,0.9981680512428284,100,3.0,BUY
1749240356000000000,AAPL,XNAS,0.9966232776641846,100,399.0,BUY
1749240415000000000,AAPL,XNAS,0.9974095821380615,100,122.0,BUY
1749240421000000000,AAPL,XNAS,0.9967588782310486,100,100.0,BUY
1749240447000000000,AAPL,XNAS,0.9955845475196838,100,75.0,SELL
1749240466000000000,AAPL,XNAS,0.9947084188461304,99,190.0,BUY
1749240468000000000,AAPL,XNAS,0.9952557682991028,100,15.0,BUY
1749240469000000000,AAPL,XNAS,0.9946451187133789,99,50.0,SELL
1749240478000000000,AAPL,XNAS,0.9957021474838257,100,183.0,SELL
1749240489000000000,AAPL,XNAS,0.996406614780426,100,2.0,BUY
1749240491000000000,AAPL,XNAS,0.9958664178848267,100,84.0,BUY
1749240506000000000,AAPL,XNAS,0.9951660633087158,100,110.0,SELL
1749240509000000000,AAPL,XNAS,0.9955845475196838,100,50.0,BUY
1749240510000000000,AAPL,XNAS,0.9947860240936279,99,90.0,BUY
1749240538000000000,AAPL,XNAS,0.9961951971054077,100,5.0,SELL
1749240559000000000,AAPL,XNAS,0.9961951971054077,100,100.0,SELL
1749240635000000000,AAPL,XNAS,1.0016355514526367,100,173.0,SELL
1749240636000000000,AAPL,XNAS,1.001919150352478,100,2.0,SELL
1749240639000000000,AAPL,XNAS,1.001819372177124,100,120.0,SELL
1749240663000000000,AAPL,XNAS,1.0008219480514526,100,202.0,BUY
1749240690000000000,AAPL,XNAS,1.0006729364395142,100,96.0,SELL
1749240693000000000,AAPL,XNAS,1.001833200454712,100,429.0,BUY
1749240752000000000,AAPL,XNAS,1.0007725954055786,100,300.0,BUY
1749240760000000000,AAPL,XNAS,1.0013707876205444,100,200.0,BUY
1749240761000000000,AAPL,XNAS,1.0014206171035767,100,85.0,BUY
1749240762000000000,AAPL,XNAS,1.0014466047286987,100,48.0,BUY
1749240787000000000,AAPL,XNAS,1.0019689798355103,100,2.0,BUY
1749240814000000000,AAPL,XNAS,1.0020686388015747,100,206.0,BUY
1749240923000000000,AAPL,XNAS,1.0025697946548462,100,73.0,BUY
1749240927000000000,AAPL,XNAS,1.001919150352478,100,100.0,BUY
1749240978000000000,AAPL,XNAS,1.001919150352478,100,2.0,BUY
1749240999000000000,AAPL,XNAS,1.0026484727859497,100,30.0,BUY
1749241013000000000,AAPL,XNAS,1.0016200542449951,100,100.0,SELL
1749241025000000000,AAPL,XNAS,1.0013707876205444,100,25.0,SELL
1749241040000000000,AAPL,XNAS,1.0014628171920776,100,78.0,BUY
1749241071000000000,AAPL,XNAS,1.0016179084777832,100,506.0,BUY
1749241122000000000,AAPL,XNAS,1.0005730390548706,100,412.0,SELL
1749241134000000000,AAPL,XNAS,1.0005732774734497,100,200.0,BUY
1749241151000000000,AAPL,XNAS,1.0011215209960938,100,104.0,BUY
1749241209000000000,AAPL,XNAS,0.9998117685317993,100,32.0,SELL
1749241239000000000,AAPL,XNAS,0.9999036192893982,100,1.0,BUY
1749241263000000000,AAPL,XNAS,1.0000410079956055,100,432.0,SELL
1749241270000000000,AAPL,XNAS,0.9998553991317749,100,8.0,SELL
1749241302000000000,AAPL,XNAS,1.0,100,2.0,BUY
1749241325000000000,AAPL,XNAS,0.9998072385787964,100,1.0,SELL
1749241333000000000,AAPL,XNAS,1.000144600868225,100,1.0,BUY
1749241359000000000,AAPL,XNAS,1.0003365278244019,100,63.0,SELL
1749241374000000000,AAPL,XNAS,1.0001267194747925,100,380.0,SELL
1749241419000000000,AAPL,XNAS,1.0001927614212036,100,1.0,BUY
1749241429000000000,AAPL,XNAS,0.9998785853385925,100,52.0,BUY
1749241456000000000,AAPL,XNAS,0.9997108578681946,100,1.0,SELL
1749241460000000000,AAPL,XNAS,0.9994231462478638,100,98.0,SELL
1749241473000000000,AAPL,XNAS,0.999806821346283,100,116.0,BUY
1749241474000000000,AAPL,XNAS,1.0,100,72.0,BUY
1749241509000000000,AAPL,XNAS,1.0000481605529785,100,1.0,BUY
1749241569000000000,AAPL,XNAS,0.9998553991317749,100,1.0,SELL
1749241573000000000,AAPL,XNAS,1.0002409219741821,100,49.0,BUY
1749241587000000000,AAPL,XNAS,1.0002409219741821,100,1.0,BUY
1749241592000000000,AAPL,XNAS,1.0,100,1.0,SELL
1749241594000000000,AAPL,XNAS,1.0001932382583618,100,101.0,BUY
1749241599000000000,AAPL,XNAS,1.0002892017364502,100,164.0,SELL
1749241602000000000,AAPL,XNAS,1.0001927614212036,100,20.0,SELL
1749241609000000000,AAPL,XNAS,1.0000232458114624,100,193.0,SELL
1749241610000000000,AAPL,XNAS,1.0001927614212036,100,25.0,SELL
1749241625000000000,AAPL,XNAS,0.9999036192893982,100,100.0,SELL
1749241636000000000,AAPL,XNAS,0.9999036192893982,100,100.0,BUY
1749241638000000000,AAPL,XNAS,1.0,100,90.0,BUY
1749241665000000000,AAPL,XNAS,1.000144600868225,100,3.0,SELL
1749241668000000000,AAPL,XNAS,1.000144600868225,100,8.0,SELL
1749241669000000000,AAPL,XNAS,1.0001004934310913,100,258.0,BUY
1749241671000000000,AAPL,XNAS,1.0,100,200.0,SELL
1749241677000000000,AAPL,XNAS,1.000144600868225,100,61.0,BUY
1749241691000000000,AAPL,XNAS,0.9998525381088257,100,202.0,BUY
1749241743000000000,AAPL,XNAS,0.9995662569999695,100,76.0,SELL
1749241752000000000,AAPL,XNAS,0.9996626377105713,100,1.0,SELL
1749241756000000000,AAPL,XNAS,0.9999036192893982,100,1.0,BUY
1749241781000000000,AAPL,XNAS,0.9999517798423767,100,1.0,SELL
