ts_ns,symbol,venue,level,side,price,price_ticks,size,num_orders
1749650400000000000,AAPL,XNAS,1,1,0.9995279908180237,100,200.0,1
1749650400000000000,AAPL,XNAS,1,-1,1.0002098083496094,100,2.0,1
1749650400000000000,AAPL,XNAS,2,1,0.9994755387306213,100,100.0,1
1749650400000000000,AAPL,XNAS,2,-1,1.0003671646118164,100,1.0,1
1749650401000000000,AAPL,XNAS,1,1,1.0,100,1.0,1
1749650401000000000,AAPL,XNAS,1,-1,1.0002098083496094,100,2.0,1
1749650401000000000,AAPL,XNAS,2,1,0.9995279908180237,100,400.0,3
1749650401000000000,AAPL,XNAS,2,-1,1.0003671646118164,100,1.0,1
1749650403000000000,AAPL,XNAS,1,1,0.9995279908180237,100,200.0,1
1749650403000000000,AAPL,XNAS,1,-1,1.0001049041748047,100,26.0,1
1749650403000000000,AAPL,XNAS,2,1,0.9994755387306213,100,100.0,1
1749650403000000000,AAPL,XNAS,2,-1,1.0002098083496094,100,2.0,1
1749650404000000000,AAPL,XNAS,1,1,0.9995279908180237,100,200.0,1
1749650404000000000,AAPL,XNAS,1,-1,1.0002098083496094,100,2.0,1
1749650404000000000,AAPL,XNAS,2,1,0.9994755387306213,100,100.0,1
1749650404000000000,AAPL,XNAS,2,-1,1.0003671646118164,100,1.0,1
1749650407000000000,AAPL,XNAS,1,1,0.9995279908180237,100,200.0,1
1749650407000000000,AAPL,XNAS,1,-1,1.0001049041748047,100,58.0,1
1749650407000000000,AAPL,XNAS,2,1,0.9994755387306213,100,100.0,1
1749650407000000000,AAPL,XNAS,2,-1,1.0002098083496094,100,2.0,1
1749650408000000000,AAPL,XNAS,1,1,0.9995279908180237,100,200.0,1
1749650408000000000,AAPL,XNAS,1,-1,1.0001049041748047,100,63.0,1
1749650408000000000,AAPL,XNAS,2,1,0.9994755387306213,100,100.0,1
1749650408000000000,AAPL,XNAS,2,-1,1.0002098083496094,100,2.0,1
1749650418000000000,AAPL,XNAS,1,1,0.9995279908180237,100,200.0,1
1749650418000000000,AAPL,XNAS,1,-1,1.0001049041748047,100,58.0,1
1749650418000000000,AAPL,XNAS,2,1,0.9994755387306213,100,100.0,1
1749650418000000000,AAPL,XNAS,2,-1,1.0002098083496094,100,2.0,1
1749650419000000000,AAPL,XNAS,1,1,0.9995279908180237,100,200.0,1
1749650419000000000,AAPL,XNAS,1,-1,1.0001049041748047,100,58.0,1
1749650419000000000,AAPL,XNAS,2,1,0.9994755387306213,100,100.0,1
1749650419000000000,AAPL,XNAS,2,-1,1.0002098083496094,100,28.0,1
1749650420000000000,AAPL,XNAS,1,1,0.9995279908180237,100,100.0,1
1749650420000000000,AAPL,XNAS,1,-1,1.0001049041748047,100,158.0,1
1749650420000000000,AAPL,XNAS,2,1,0.9994755387306213,100,100.0,1
1749650420000000000,AAPL,XNAS,2,-1,1.0002098083496094,100,2.0,1
1749650421000000000,AAPL,XNAS,1,1,0.9995279908180237,100,100.0,1
1749650421000000000,AAPL,XNAS,1,-1,1.0001049041748047,100,160.0,1
1749650421000000000,AAPL,XNAS,2,1,0.9994755387306213,100,100.0,1
1749650421000000000,AAPL,XNAS,2,-1,1.0002098083496094,100,2.0,1
1749650423000000000,AAPL,XNAS,1,1,0.9995279908180237,100,100.0,1
1749650423000000000,AAPL,XNAS,1,-1,1.0001049041748047,100,360.0,3
1749650423000000000,AAPL,XNAS,2,1,0.9994755387306213,100,100.0,1
1749650423000000000,AAPL,XNAS,2,-1,1.0002098083496094,100,2.0,1
1749650424000000000,AAPL,XNAS,1,1,0.9995279908180237,100,100.0,1
1749650424000000000,AAPL,XNAS,1,-1,1.0001049041748047,100,361.0,3
1749650424000000000,AAPL,XNAS,2,1,0.9994755387306213,100,100.0,1
1749650424000000000,AAPL,XNAS,2,-1,1.0002098083496094,100,2.0,1
1749650426000000000,AAPL,XNAS,1,1,0.9995279908180237,100,100.0,1
1749650426000000000,AAPL,XNAS,1,-1,1.0001049041748047,100,361.0,3
1749650426000000000,AAPL,XNAS,2,1,0.9994755387306213,100,100.0,1
1749650426000000000,AAPL,XNAS,2,-1,1.0002098083496094,100,128.0,1
1749650430000000000,AAPL,XNAS,1,1,0.9995279908180237,100,100.0,1
1749650430000000000,AAPL,XNAS,1,-1,0.999842643737793,100,4.0,1
1749650430000000000,AAPL,XNAS,2,1,0.9994755387306213,100,100.0,1
1749650430000000000,AAPL,XNAS,2,-1,1.0001049041748047,100,469.0,3
1749650431000000000,AAPL,XNAS,1,1,0.9995279908180237,100,100.0,1
1749650431000000000,AAPL,XNAS,1,-1,0.999842643737793,100,5.0,1
1749650431000000000,AAPL,XNAS,2,1,0.9994755387306213,100,100.0,1
1749650431000000000,AAPL,XNAS,2,-1,1.0001049041748047,100,368.0,3
1749650435000000000,AAPL,XNAS,1,1,0.9995279908180237,100,100.0,1
1749650435000000000,AAPL,XNAS,1,-1,0.999842643737793,100,7.0,1
1749650435000000000,AAPL,XNAS,2,1,0.9994755387306213,100,100.0,1
1749650435000000000,AAPL,XNAS,2,-1,1.0001049041748047,100,366.0,3
1749650436000000000,AAPL,XNAS,1,1,0.9992657899856567,100,1.0,1
1749650436000000000,AAPL,XNAS,1,-1,0.9994755387306213,100,100.0,1
1749650436000000000,AAPL,XNAS,2,1,0.9992133378982544,100,1.0,1
1749650436000000000,AAPL,XNAS,2,-1,0.999580442905426,100,100.0,1
1749650437000000000,AAPL,XNAS,1,1,0.9992133378982544,100,1.0,1
1749650437000000000,AAPL,XNAS,1,-1,0.9994755387306213,100,103.0,1
1749650437000000000,AAPL,XNAS,2,1,0.999160885810852,100,1.0,1
1749650437000000000,AAPL,XNAS,2,-1,0.9996328949928284,100,108.0,1
1749650438000000000,AAPL,XNAS,1,1,0.9992133378982544,100,1.0,1
1749650438000000000,AAPL,XNAS,1,-1,0.9996328949928284,100,108.0,1
1749650438000000000,AAPL,XNAS,2,1,0.999160885810852,100,1.0,1
1749650438000000000,AAPL,XNAS,2,-1,0.9999475479125977,100,100.0,1
1749650440000000000,AAPL,XNAS,1,1,0.9992133378982544,100,1.0,1
1749650440000000000,AAPL,XNAS,1,-1,0.9996328949928284,100,208.0,1
1749650440000000000,AAPL,XNAS,2,1,0.999160885810852,100,1.0,1
1749650440000000000,AAPL,XNAS,2,-1,0.9999475479125977,100,100.0,1
1749650442000000000,AAPL,XNAS,1,1,0.9990559816360474,100,200.0,1
1749650442000000000,AAPL,XNAS,1,-1,0.9996328949928284,100,108.0,1
1749650442000000000,AAPL,XNAS,2,1,0.9990035891532898,100,128.0,1
1749650442000000000,AAPL,XNAS,2,-1,0.9997902512550354,100,100.0,1
1749650443000000000,AAPL,XNAS,1,1,0.9992133378982544,100,1.0,1
1749650443000000000,AAPL,XNAS,1,-1,0.9996328949928284,100,108.0,1
1749650443000000000,AAPL,XNAS,2,1,0.9990035891532898,100,128.0,1
1749650443000000000,AAPL,XNAS,2,-1,0.9999475479125977,100,201.0,1
1749650444000000000,AAPL,XNAS,1,1,0.9990035891532898,100,128.0,1
1749650444000000000,AAPL,XNAS,1,-1,0.9996328949928284,100,108.0,1
1749650444000000000,AAPL,XNAS,2,1,0.9988986849784851,100,1.0,1
1749650444000000000,AAPL,XNAS,2,-1,0.9999475479125977,100,201.0,1
1749650445000000000,AAPL,XNAS,1,1,0.9990035891532898,100,128.0,1
1749650445000000000,AAPL,XNAS,1,-1,0.9996328949928284,100,108.0,1
1749650445000000000,AAPL,XNAS,2,1,0.9988986849784851,100,1.0,1
1749650445000000000,AAPL,XNAS,2,-1,0.9999475479125977,100,101.0,1
1749650446000000000,AAPL,XNAS,1,1,0.9990035891532898,100,128.0,1
1749650446000000000,AAPL,XNAS,1,-1,0.9996328949928284,100,108.0,1
1749650446000000000,AAPL,XNAS,2,1,0.9988986849784851,100,1.0,1
1749650446000000000,AAPL,XNAS,2,-1,0.9999475479125977,100,1.0,1
1749650447000000000,AAPL,XNAS,1,1,0.9990035891532898,100,128.0,1
1749650447000000000,AAPL,XNAS,1,-1,0.9996328949928284,100,8.0,1
1749650447000000000,AAPL,XNAS,2,1,0.9988986849784851,100,1.0,1
1749650447000000000,AAPL,XNAS,2,-1,0.9999475479125977,100,1.0,1
1749650450000000000,AAPL,XNAS,1,1,0.9990035891532898,100,128.0,1
1749650450000000000,AAPL,XNAS,1,-1,0.9996328949928284,100,57.0,1
1749650450000000000,AAPL,XNAS,2,1,0.9988986849784851,100,1.0,1
1749650450000000000,AAPL,XNAS,2,-1,0.9999475479125977,100,1.0,1
1749650451000000000,AAPL,XNAS,1,1,0.9990035891532898,100,128.0,1
1749650451000000000,AAPL,XNAS,1,-1,0.9996328949928284,100,57.0,1
1749650451000000000,AAPL,XNAS,2,1,0.9988986849784851,100,1.0,1
1749650451000000000,AAPL,XNAS,2,-1,0.9999475479125977,100,1.0,1
1749650455000000000,AAPL,XNAS,1,1,0.9990035891532898,100,128.0,1
1749650455000000000,AAPL,XNAS,1,-1,0.9996328949928284,100,8.0,1
1749650455000000000,AAPL,XNAS,2,1,0.9988986849784851,100,1.0,1
1749650455000000000,AAPL,XNAS,2,-1,0.9999475479125977,100,1.0,1
1749650456000000000,AAPL,XNAS,1,1,0.9990035891532898,100,128.0,1
1749650456000000000,AAPL,XNAS,1,-1,0.9996328949928284,100,57.0,1
1749650456000000000,AAPL,XNAS,2,1,0.9988986849784851,100,1.0,1
1749650456000000000,AAPL,XNAS,2,-1,0.9999475479125977,100,1.0,1
1749650457000000000,AAPL,XNAS,1,1,0.9990035891532898,100,28.0,1
1749650457000000000,AAPL,XNAS,1,-1,0.9996328949928284,100,58.0,1
1749650457000000000,AAPL,XNAS,2,1,0.9988986849784851,100,1.0,1
1749650457000000000,AAPL,XNAS,2,-1,0.9999475479125977,100,1.0,1
1749650458000000000,AAPL,XNAS,1,1,0.9990035891532898,100,28.0,1
1749650458000000000,AAPL,XNAS,1,-1,0.9996328949928284,100,57.0,1
1749650458000000000,AAPL,XNAS,2,1,0.9988986849784851,100,1.0,1
1749650458000000000,AAPL,XNAS,2,-1,0.9999475479125977,100,1.0,1
1749650459000000000,AAPL,XNAS,1,1,0.9990035891532898,100,28.0,1
1749650459000000000,AAPL,XNAS,1,-1,0.9996328949928284,100,8.0,1
1749650459000000000,AAPL,XNAS,2,1,0.9988986849784851,100,1.0,1
1749650459000000000,AAPL,XNAS,2,-1,0.9999475479125977,100,1.0,1
1749650461000000000,AAPL,XNAS,1,1,0.9990035891532898,100,28.0,1
1749650461000000000,AAPL,XNAS,1,-1,0.9996328949928284,100,57.0,1
1749650461000000000,AAPL,XNAS,2,1,0.9988986849784851,100,1.0,1
1749650461000000000,AAPL,XNAS,2,-1,0.9999475479125977,100,1.0,1
1749650462000000000,AAPL,XNAS,1,1,0.9990035891532898,100,28.0,1
1749650462000000000,AAPL,XNAS,1,-1,0.9996328949928284,100,8.0,1
1749650462000000000,AAPL,XNAS,2,1,0.9988986849784851,100,1.0,1
1749650462000000000,AAPL,XNAS,2,-1,0.9999475479125977,100,1.0,1
1749650463000000000,AAPL,XNAS,1,1,0.9990035891532898,100,29.0,1
1749650463000000000,AAPL,XNAS,1,-1,0.9996328949928284,100,57.0,1
1749650463000000000,AAPL,XNAS,2,1,0.9988986849784851,100,1.0,1
1749650463000000000,AAPL,XNAS,2,-1,0.9999475479125977,100,1.0,1
1749650464000000000,AAPL,XNAS,1,1,0.9990035891532898,100,129.0,1
1749650464000000000,AAPL,XNAS,1,-1,0.9996328949928284,100,8.0,1
1749650464000000000,AAPL,XNAS,2,1,0.9988986849784851,100,1.0,1
1749650464000000000,AAPL,XNAS,2,-1,0.9999475479125977,100,1.0,1
1749650468000000000,AAPL,XNAS,1,1,0.9990559816360474,100,2.0,1
1749650468000000000,AAPL,XNAS,1,-1,0.9999475479125977,100,101.0,1
1749650468000000000,AAPL,XNAS,2,1,0.9990035891532898,100,129.0,1
1749650468000000000,AAPL,XNAS,2,-1,1.0,100,5.0,1
1749650469000000000,AAPL,XNAS,1,1,0.9990559816360474,100,205.0,1
1749650469000000000,AAPL,XNAS,1,-1,0.9999475479125977,100,101.0,1
1749650469000000000,AAPL,XNAS,2,1,0.9990035891532898,100,28.0,1
1749650469000000000,AAPL,XNAS,2,-1,1.0,100,5.0,1
1749650471000000000,AAPL,XNAS,1,1,0.9990559816360474,100,205.0,1
1749650471000000000,AAPL,XNAS,1,-1,0.9999475479125977,100,150.0,1
1749650471000000000,AAPL,XNAS,2,1,0.9990035891532898,100,28.0,1
1749650471000000000,AAPL,XNAS,2,-1,1.0,100,5.0,1
1749650472000000000,AAPL,XNAS,1,1,0.9990559816360474,100,205.0,1
1749650472000000000,AAPL,XNAS,1,-1,0.9999475479125977,100,150.0,1
1749650472000000000,AAPL,XNAS,2,1,0.9990035891532898,100,28.0,1
1749650472000000000,AAPL,XNAS,2,-1,1.0,100,5.0,1
1749650473000000000,AAPL,XNAS,1,1,0.9990559816360474,100,203.0,1
1749650473000000000,AAPL,XNAS,1,-1,0.9999475479125977,100,101.0,1
1749650473000000000,AAPL,XNAS,2,1,0.9990035891532898,100,28.0,1
1749650473000000000,AAPL,XNAS,2,-1,1.0,100,5.0,1
1749650474000000000,AAPL,XNAS,1,1,0.9990559816360474,100,203.0,1
1749650474000000000,AAPL,XNAS,1,-1,0.9999475479125977,100,250.0,2
1749650474000000000,AAPL,XNAS,2,1,0.9990035891532898,100,28.0,1
1749650474000000000,AAPL,XNAS,2,-1,1.0,100,5.0,1
1749650478000000000,AAPL,XNAS,1,1,0.9990559816360474,100,203.0,1
1749650478000000000,AAPL,XNAS,1,-1,0.9999475479125977,100,150.0,1
1749650478000000000,AAPL,XNAS,2,1,0.9990035891532898,100,28.0,1
1749650478000000000,AAPL,XNAS,2,-1,1.0,100,5.0,1
1749650479000000000,AAPL,XNAS,1,1,0.9990559816360474,100,203.0,1
1749650479000000000,AAPL,XNAS,1,-1,0.9999475479125977,100,101.0,1
1749650479000000000,AAPL,XNAS,2,1,0.9990035891532898,100,28.0,1
1749650479000000000,AAPL,XNAS,2,-1,1.0,100,5.0,1
1749650480000000000,AAPL,XNAS,1,1,0.9990559816360474,100,203.0,1
1749650480000000000,AAPL,XNAS,1,-1,0.9998950958251953,100,153.0,1
1749650480000000000,AAPL,XNAS,2,1,0.9990035891532898,100,28.0,1
1749650480000000000,AAPL,XNAS,2,-1,0.9999475479125977,100,1.0,1
1749650481000000000,AAPL,XNAS,1,1,0.9990559816360474,100,203.0,1
1749650481000000000,AAPL,XNAS,1,-1,0.999842643737793,100,428.0,3
1749650481000000000,AAPL,XNAS,2,1,0.9990035891532898,100,28.0,1
1749650481000000000,AAPL,XNAS,2,-1,0.9998950958251953,100,256.0,2
1749650482000000000,AAPL,XNAS,1,1,0.9990559816360474,100,103.0,1
1749650482000000000,AAPL,XNAS,1,-1,0.999842643737793,100,380.0,3
1749650482000000000,AAPL,XNAS,2,1,0.9990035891532898,100,28.0,1
1749650482000000000,AAPL,XNAS,2,-1,0.9998950958251953,100,256.0,2
1749650483000000000,AAPL,XNAS,1,1,0.9990559816360474,100,103.0,1
1749650483000000000,AAPL,XNAS,1,-1,0.999842643737793,100,480.0,4
1749650483000000000,AAPL,XNAS,2,1,0.9990035891532898,100,28.0,1
1749650483000000000,AAPL,XNAS,2,-1,0.9998950958251953,100,156.0,1
1749650484000000000,AAPL,XNAS,1,1,0.9990559816360474,100,103.0,1
1749650484000000000,AAPL,XNAS,1,-1,0.999842643737793,100,431.0,3
1749650484000000000,AAPL,XNAS,2,1,0.9990035891532898,100,28.0,1
1749650484000000000,AAPL,XNAS,2,-1,0.9998950958251953,100,156.0,1
1749650485000000000,AAPL,XNAS,1,1,0.9990559816360474,100,103.0,1
1749650485000000000,AAPL,XNAS,1,-1,0.9997902512550354,100,200.0,1
1749650485000000000,AAPL,XNAS,2,1,0.9990035891532898,100,28.0,1
1749650485000000000,AAPL,XNAS,2,-1,0.999842643737793,100,160.0,1
1749650486000000000,AAPL,XNAS,1,1,0.9990559816360474,100,103.0,1
1749650486000000000,AAPL,XNAS,1,-1,0.9997902512550354,100,52.0,1
1749650486000000000,AAPL,XNAS,2,1,0.9990035891532898,100,28.0,1
1749650486000000000,AAPL,XNAS,2,-1,0.999842643737793,100,160.0,1
1749650487000000000,AAPL,XNAS,1,1,0.9990559816360474,100,103.0,1
1749650487000000000,AAPL,XNAS,1,-1,0.9997902512550354,100,101.0,1
1749650487000000000,AAPL,XNAS,2,1,0.9990035891532898,100,28.0,1
1749650487000000000,AAPL,XNAS,2,-1,0.999842643737793,100,160.0,1
1749650488000000000,AAPL,XNAS,1,1,0.9990559816360474,100,103.0,1
1749650488000000000,AAPL,XNAS,1,-1,0.9997902512550354,100,52.0,1
1749650488000000000,AAPL,XNAS,2,1,0.9990035891532898,100,28.0,1
1749650488000000000,AAPL,XNAS,2,-1,0.999842643737793,100,160.0,1
1749650489000000000,AAPL,XNAS,1,1,0.9990559816360474,100,103.0,1
1749650489000000000,AAPL,XNAS,1,-1,0.9996328949928284,100,49.0,1
1749650489000000000,AAPL,XNAS,2,1,0.9990035891532898,100,28.0,1
1749650489000000000,AAPL,XNAS,2,-1,0.9997902512550354,100,52.0,1
1749650490000000000,AAPL,XNAS,1,1,0.9991084337234497,100,200.0,1
1749650490000000000,AAPL,XNAS,1,-1,0.9997902512550354,100,52.0,1
1749650490000000000,AAPL,XNAS,2,1,0.9990559816360474,100,2.0,1
1749650490000000000,AAPL,XNAS,2,-1,0.999842643737793,100,60.0,1
1749650491000000000,AAPL,XNAS,1,1,0.9991084337234497,100,100.0,1
1749650491000000000,AAPL,XNAS,1,-1,0.9996328949928284,100,152.0,1
1749650491000000000,AAPL,XNAS,2,1,0.9990035891532898,100,28.0,1
1749650491000000000,AAPL,XNAS,2,-1,0.9998950958251953,100,156.0,1
1749650492000000000,AAPL,XNAS,1,1,0.9991084337234497,100,100.0,1
1749650492000000000,AAPL,XNAS,1,-1,0.9996328949928284,100,49.0,1
1749650492000000000,AAPL,XNAS,2,1,0.9990035891532898,100,28.0,1
1749650492000000000,AAPL,XNAS,2,-1,0.9998950958251953,100,156.0,1
1749650494000000000,AAPL,XNAS,1,1,0.9991084337234497,100,100.0,1
1749650494000000000,AAPL,XNAS,1,-1,0.999842643737793,100,300.0,2
1749650494000000000,AAPL,XNAS,2,1,0.9990035891532898,100,28.0,1
1749650494000000000,AAPL,XNAS,2,-1,0.9998950958251953,100,156.0,1
1749650496000000000,AAPL,XNAS,1,1,0.9991084337234497,100,100.0,1
1749650496000000000,AAPL,XNAS,1,-1,0.999842643737793,100,300.0,2
1749650496000000000,AAPL,XNAS,2,1,0.9990035891532898,100,28.0,1
1749650496000000000,AAPL,XNAS,2,-1,0.9998950958251953,100,156.0,1
1749650497000000000,AAPL,XNAS,1,1,0.9991084337234497,100,100.0,1
1749650497000000000,AAPL,XNAS,1,-1,0.999842643737793,100,200.0,1
1749650497000000000,AAPL,XNAS,2,1,0.9990035891532898,100,28.0,1
1749650497000000000,AAPL,XNAS,2,-1,0.9998950958251953,100,156.0,1
1749650504000000000,AAPL,XNAS,1,1,0.9991084337234497,100,100.0,1
1749650504000000000,AAPL,XNAS,1,-1,0.999842643737793,100,100.0,1
1749650504000000000,AAPL,XNAS,2,1,0.9990035891532898,100,28.0,1
1749650504000000000,AAPL,XNAS,2,-1,0.9998950958251953,100,156.0,1
1749650505000000000,AAPL,XNAS,1,1,0.9991084337234497,100,100.0,1
1749650505000000000,AAPL,XNAS,1,-1,0.9996328949928284,100,49.0,1
1749650505000000000,AAPL,XNAS,2,1,0.9990035891532898,100,28.0,1
1749650505000000000,AAPL,XNAS,2,-1,0.9996853470802307,100,120.0,1
1749650510000000000,AAPL,XNAS,1,1,0.9991084337234497,100,100.0,1
1749650510000000000,AAPL,XNAS,1,-1,0.9996853470802307,100,20.0,1
1749650510000000000,AAPL,XNAS,2,1,0.9990035891532898,100,28.0,1
1749650510000000000,AAPL,XNAS,2,-1,0.999842643737793,100,100.0,1
1749650511000000000,AAPL,XNAS,1,1,0.9991084337234497,100,100.0,1
1749650511000000000,AAPL,XNAS,1,-1,0.9996853470802307,100,20.0,1
1749650511000000000,AAPL,XNAS,2,1,0.9990035891532898,100,28.0,1
1749650511000000000,AAPL,XNAS,2,-1,0.999842643737793,100,100.0,1
1749650514000000000,AAPL,XNAS,1,1,0.9991084337234497,100,100.0,1
1749650514000000000,AAPL,XNAS,1,-1,0.9996328949928284,100,49.0,1
1749650514000000000,AAPL,XNAS,2,1,0.9990035891532898,100,28.0,1
1749650514000000000,AAPL,XNAS,2,-1,0.9996853470802307,100,20.0,1
1749650515000000000,AAPL,XNAS,1,1,0.9991084337234497,100,100.0,1
1749650515000000000,AAPL,XNAS,1,-1,0.9996853470802307,100,20.0,1
1749650515000000000,AAPL,XNAS,2,1,0.9990035891532898,100,28.0,1
1749650515000000000,AAPL,XNAS,2,-1,0.999842643737793,100,100.0,1
1749650516000000000,AAPL,XNAS,1,1,0.9991084337234497,100,100.0,1
1749650516000000000,AAPL,XNAS,1,-1,0.9996853470802307,100,21.0,1
1749650516000000000,AAPL,XNAS,2,1,0.9990035891532898,100,28.0,1
1749650516000000000,AAPL,XNAS,2,-1,0.999842643737793,100,100.0,1
1749650517000000000,AAPL,XNAS,1,1,0.9991084337234497,100,100.0,1
1749650517000000000,AAPL,XNAS,1,-1,0.9996853470802307,100,21.0,1
1749650517000000000,AAPL,XNAS,2,1,0.9990035891532898,100,28.0,1
1749650517000000000,AAPL,XNAS,2,-1,0.999842643737793,100,100.0,1
1749650518000000000,AAPL,XNAS,1,1,0.9991084337234497,100,100.0,1
1749650518000000000,AAPL,XNAS,1,-1,0.9996328949928284,100,49.0,1
1749650518000000000,AAPL,XNAS,2,1,0.9990035891532898,100,28.0,1
1749650518000000000,AAPL,XNAS,2,-1,0.9996853470802307,100,20.0,1
1749650520000000000,AAPL,XNAS,1,1,0.9991084337234497,100,100.0,1
1749650520000000000,AAPL,XNAS,1,-1,0.9996853470802307,100,20.0,1
1749650520000000000,AAPL,XNAS,2,1,0.9990035891532898,100,28.0,1
1749650520000000000,AAPL,XNAS,2,-1,0.999842643737793,100,100.0,1
1749650521000000000,AAPL,XNAS,1,1,0.9991084337234497,100,100.0,1
1749650521000000000,AAPL,XNAS,1,-1,0.9996853470802307,100,20.0,1
1749650521000000000,AAPL,XNAS,2,1,0.9990035891532898,100,28.0,1
1749650521000000000,AAPL,XNAS,2,-1,0.999842643737793,100,100.0,1
1749650522000000000,AAPL,XNAS,1,1,0.9991084337234497,100,100.0,1
1749650522000000000,AAPL,XNAS,1,-1,0.9996328949928284,100,49.0,1
1749650522000000000,AAPL,XNAS,2,1,0.9990035891532898,100,28.0,1
1749650522000000000,AAPL,XNAS,2,-1,0.9996853470802307,100,20.0,1
1749650523000000000,AAPL,XNAS,1,1,0.9991084337234497,100,101.0,1
1749650523000000000,AAPL,XNAS,1,-1,0.9996853470802307,100,20.0,1
1749650523000000000,AAPL,XNAS,2,1,0.9990035891532898,100,28.0,1
1749650523000000000,AAPL,XNAS,2,-1,0.999842643737793,100,100.0,1
1749650525000000000,AAPL,XNAS,1,1,0.9991084337234497,100,95.0,1
1749650525000000000,AAPL,XNAS,1,-1,0.9996328949928284,100,49.0,1
1749650525000000000,AAPL,XNAS,2,1,0.9990035891532898,100,28.0,1
1749650525000000000,AAPL,XNAS,2,-1,0.9996853470802307,100,20.0,1
1749650526000000000,AAPL,XNAS,1,1,0.9991084337234497,100,95.0,1
1749650526000000000,AAPL,XNAS,1,-1,0.9996853470802307,100,20.0,1
1749650526000000000,AAPL,XNAS,2,1,0.9990035891532898,100,28.0,1
1749650526000000000,AAPL,XNAS,2,-1,0.999842643737793,100,100.0,1
1749650527000000000,AAPL,XNAS,1,1,0.9991084337234497,100,5.0,1
1749650527000000000,AAPL,XNAS,1,-1,0.9994231462478638,100,20.0,1
1749650527000000000,AAPL,XNAS,2,1,0.9990035891532898,100,28.0,1
1749650527000000000,AAPL,XNAS,2,-1,0.999842643737793,100,200.0,1
1749650528000000000,AAPL,XNAS,1,1,0.9991084337234497,100,5.0,1
1749650528000000000,AAPL,XNAS,1,-1,0.9994231462478638,100,69.0,1
1749650528000000000,AAPL,XNAS,2,1,0.9990035891532898,100,28.0,1
1749650528000000000,AAPL,XNAS,2,-1,0.999842643737793,100,200.0,1
1749650531000000000,AAPL,XNAS,1,1,0.9991084337234497,100,5.0,1
1749650531000000000,AAPL,XNAS,1,-1,0.9994231462478638,100,20.0,1
1749650531000000000,AAPL,XNAS,2,1,0.9990035891532898,100,28.0,1
1749650531000000000,AAPL,XNAS,2,-1,0.999842643737793,100,200.0,1
1749650532000000000,AAPL,XNAS,1,1,0.9991084337234497,100,5.0,1
1749650532000000000,AAPL,XNAS,1,-1,0.9994231462478638,100,69.0,1
1749650532000000000,AAPL,XNAS,2,1,0.9990035891532898,100,28.0,1
1749650532000000000,AAPL,XNAS,2,-1,0.999842643737793,100,200.0,1
1749650535000000000,AAPL,XNAS,1,1,0.9991084337234497,100,5.0,1
1749650535000000000,AAPL,XNAS,1,-1,0.9994231462478638,100,20.0,1
1749650535000000000,AAPL,XNAS,2,1,0.9990035891532898,100,28.0,1
1749650535000000000,AAPL,XNAS,2,-1,0.999842643737793,100,200.0,1
1749650536000000000,AAPL,XNAS,1,1,0.9989511370658875,100,33.0,1
1749650536000000000,AAPL,XNAS,1,-1,0.9994231462478638,100,20.0,1
1749650536000000000,AAPL,XNAS,2,1,0.9988986849784851,100,1.0,1
1749650536000000000,AAPL,XNAS,2,-1,0.9997377991676331,100,100.0,1
1749650537000000000,AAPL,XNAS,1,1,0.9989511370658875,100,33.0,1
1749650537000000000,AAPL,XNAS,1,-1,0.9994231462478638,100,125.0,1
1749650537000000000,AAPL,XNAS,2,1,0.9988986849784851,100,1.0,1
1749650537000000000,AAPL,XNAS,2,-1,0.9997377991676331,100,100.0,1
1749650539000000000,AAPL,XNAS,1,1,0.9988986849784851,100,1.0,1
1749650539000000000,AAPL,XNAS,1,-1,0.9994231462478638,100,25.0,1
1749650539000000000,AAPL,XNAS,2,1,0.9988462328910828,100,1.0,1
1749650539000000000,AAPL,XNAS,2,-1,0.999580442905426,100,29.0,1
1749650540000000000,AAPL,XNAS,1,1,0.9988986849784851,100,1.0,1
1749650540000000000,AAPL,XNAS,1,-1,0.9994231462478638,100,69.0,1
1749650540000000000,AAPL,XNAS,2,1,0.9988462328910828,100,1.0,1
1749650540000000000,AAPL,XNAS,2,-1,0.999580442905426,100,29.0,1
1749650542000000000,AAPL,XNAS,1,1,0.9988986849784851,100,1.0,1
1749650542000000000,AAPL,XNAS,1,-1,0.9994231462478638,100,20.0,1
1749650542000000000,AAPL,XNAS,2,1,0.9988462328910828,100,1.0,1
1749650542000000000,AAPL,XNAS,2,-1,0.9997377991676331,100,100.0,1
1749650544000000000,AAPL,XNAS,1,1,0.9988986849784851,100,1.0,1
1749650544000000000,AAPL,XNAS,1,-1,0.9994231462478638,100,69.0,1
1749650544000000000,AAPL,XNAS,2,1,0.9988462328910828,100,1.0,1
1749650544000000000,AAPL,XNAS,2,-1,0.9997377991676331,100,100.0,1
1749650545000000000,AAPL,XNAS,1,1,0.9988986849784851,100,1.0,1
1749650545000000000,AAPL,XNAS,1,-1,0.999160885810852,100,1.0,1
1749650545000000000,AAPL,XNAS,2,1,0.9988462328910828,100,1.0,1
1749650545000000000,AAPL,XNAS,2,-1,0.9992133378982544,100,20.0,1
1749650548000000000,AAPL,XNAS,1,1,0.9988986849784851,100,1.0,1
1749650548000000000,AAPL,XNAS,1,-1,0.9992133378982544,100,20.0,1
1749650548000000000,AAPL,XNAS,2,1,0.9988462328910828,100,1.0,1
1749650548000000000,AAPL,XNAS,2,-1,0.9996328949928284,100,16.0,1
1749650549000000000,AAPL,XNAS,1,1,0.9988986849784851,100,1.0,1
1749650549000000000,AAPL,XNAS,1,-1,0.9992133378982544,100,69.0,1
1749650549000000000,AAPL,XNAS,2,1,0.9988462328910828,100,1.0,1
1749650549000000000,AAPL,XNAS,2,-1,0.9996328949928284,100,16.0,1
1749650550000000000,AAPL,XNAS,1,1,0.9988986849784851,100,1.0,1
1749650550000000000,AAPL,XNAS,1,-1,0.999160885810852,100,1.0,1
1749650550000000000,AAPL,XNAS,2,1,0.9988462328910828,100,1.0,1
1749650550000000000,AAPL,XNAS,2,-1,0.9992133378982544,100,20.0,1
1749650551000000000,AAPL,XNAS,1,1,0.9988986849784851,100,1.0,1
1749650551000000000,AAPL,XNAS,1,-1,0.999160885810852,100,5.0,1
1749650551000000000,AAPL,XNAS,2,1,0.9988462328910828,100,1.0,1
1749650551000000000,AAPL,XNAS,2,-1,0.9992133378982544,100,20.0,1
1749650558000000000,AAPL,XNAS,1,1,0.9988986849784851,100,103.0,1
1749650558000000000,AAPL,XNAS,1,-1,0.9996328949928284,100,16.0,1
1749650558000000000,AAPL,XNAS,2,1,0.9988462328910828,100,1.0,1
1749650558000000000,AAPL,XNAS,2,-1,0.999842643737793,100,200.0,1
1749650559000000000,AAPL,XNAS,1,1,0.9988986849784851,100,203.0,1
1749650559000000000,AAPL,XNAS,1,-1,0.9996328949928284,100,65.0,1
1749650559000000000,AAPL,XNAS,2,1,0.9988462328910828,100,1.0,1
1749650559000000000,AAPL,XNAS,2,-1,0.999842643737793,100,100.0,1
1749650560000000000,AAPL,XNAS,1,1,0.9988986849784851,100,203.0,1
1749650560000000000,AAPL,XNAS,1,-1,0.9996328949928284,100,16.0,1
1749650560000000000,AAPL,XNAS,2,1,0.9988462328910828,100,1.0,1
1749650560000000000,AAPL,XNAS,2,-1,0.999842643737793,100,100.0,1
1749650564000000000,AAPL,XNAS,1,1,0.9988986849784851,100,203.0,1
1749650564000000000,AAPL,XNAS,1,-1,0.9996328949928284,100,65.0,1
1749650564000000000,AAPL,XNAS,2,1,0.9988462328910828,100,1.0,1
1749650564000000000,AAPL,XNAS,2,-1,0.999842643737793,100,100.0,1
1749650565000000000,AAPL,XNAS,1,1,0.9988986849784851,100,203.0,1
1749650565000000000,AAPL,XNAS,1,-1,0.9996328949928284,100,16.0,1
1749650565000000000,AAPL,XNAS,2,1,0.9988462328910828,100,1.0,1
1749650565000000000,AAPL,XNAS,2,-1,0.999842643737793,100,100.0,1
1749650570000000000,AAPL,XNAS,1,1,0.9988986849784851,100,203.0,1
1749650570000000000,AAPL,XNAS,1,-1,0.9996328949928284,100,65.0,1
1749650570000000000,AAPL,XNAS,2,1,0.9988462328910828,100,1.0,1
1749650570000000000,AAPL,XNAS,2,-1,0.999842643737793,100,100.0,1
1749650576000000000,AAPL,XNAS,1,1,0.9988986849784851,100,103.0,1
1749650576000000000,AAPL,XNAS,1,-1,0.9996328949928284,100,217.0,1
1749650576000000000,AAPL,XNAS,2,1,0.9988462328910828,100,1.0,1
1749650576000000000,AAPL,XNAS,2,-1,0.999842643737793,100,100.0,1
1749650577000000000,AAPL,XNAS,1,1,0.9988986849784851,100,103.0,1
1749650577000000000,AAPL,XNAS,1,-1,0.9996328949928284,100,68.0,1
1749650577000000000,AAPL,XNAS,2,1,0.9988462328910828,100,1.0,1
1749650577000000000,AAPL,XNAS,2,-1,0.999842643737793,100,100.0,1
1749650582000000000,AAPL,XNAS,1,1,0.9988986849784851,100,103.0,1
1749650582000000000,AAPL,XNAS,1,-1,0.9996328949928284,100,65.0,1
1749650582000000000,AAPL,XNAS,2,1,0.9988462328910828,100,1.0,1
1749650582000000000,AAPL,XNAS,2,-1,0.999842643737793,100,100.0,1
1749650583000000000,AAPL,XNAS,1,1,0.9988986849784851,100,203.0,1
1749650583000000000,AAPL,XNAS,1,-1,0.9996328949928284,100,65.0,1
1749650583000000000,AAPL,XNAS,2,1,0.9988462328910828,100,1.0,1
1749650583000000000,AAPL,XNAS,2,-1,0.999842643737793,100,100.0,1
1749650584000000000,AAPL,XNAS,1,1,0.9988986849784851,100,203.0,1
1749650584000000000,AAPL,XNAS,1,-1,0.9996328949928284,100,16.0,1
1749650584000000000,AAPL,XNAS,2,1,0.9988462328910828,100,1.0,1
1749650584000000000,AAPL,XNAS,2,-1,0.999842643737793,100,100.0,1
1749650586000000000,AAPL,XNAS,1,1,0.9988986849784851,100,203.0,1
1749650586000000000,AAPL,XNAS,1,-1,0.9996328949928284,100,65.0,1
1749650586000000000,AAPL,XNAS,2,1,0.9988462328910828,100,1.0,1
1749650586000000000,AAPL,XNAS,2,-1,0.999842643737793,100,100.0,1
1749650589000000000,AAPL,XNAS,1,1,0.9988986849784851,100,203.0,1
1749650589000000000,AAPL,XNAS,1,-1,0.9996328949928284,100,65.0,1
1749650589000000000,AAPL,XNAS,2,1,0.9988462328910828,100,1.0,1
1749650589000000000,AAPL,XNAS,2,-1,0.999842643737793,100,100.0,1
1749650591000000000,AAPL,XNAS,1,1,0.9988986849784851,100,203.0,1
1749650591000000000,AAPL,XNAS,1,-1,0.9996328949928284,100,16.0,1
1749650591000000000,AAPL,XNAS,2,1,0.9988462328910828,100,1.0,1
1749650591000000000,AAPL,XNAS,2,-1,0.999842643737793,100,100.0,1
1749650592000000000,AAPL,XNAS,1,1,0.9988986849784851,100,203.0,1
1749650592000000000,AAPL,XNAS,1,-1,0.9996328949928284,100,65.0,1
1749650592000000000,AAPL,XNAS,2,1,0.9988462328910828,100,1.0,1
1749650592000000000,AAPL,XNAS,2,-1,0.999842643737793,100,100.0,1
1749650593000000000,AAPL,XNAS,1,1,0.9988986849784851,100,203.0,1
1749650593000000000,AAPL,XNAS,1,-1,0.9996328949928284,100,65.0,1
1749650593000000000,AAPL,XNAS,2,1,0.9988462328910828,100,1.0,1
1749650593000000000,AAPL,XNAS,2,-1,0.999842643737793,100,100.0,1
1749650594000000000,AAPL,XNAS,1,1,0.9988986849784851,100,203.0,1
1749650594000000000,AAPL,XNAS,1,-1,0.9996328949928284,100,16.0,1
1749650594000000000,AAPL,XNAS,2,1,0.9988462328910828,100,1.0,1
1749650594000000000,AAPL,XNAS,2,-1,0.999842643737793,100,100.0,1
1749650596000000000,AAPL,XNAS,1,1,0.9988986849784851,100,203.0,1
1749650596000000000,AAPL,XNAS,1,-1,0.9996328949928284,100,65.0,1
1749650596000000000,AAPL,XNAS,2,1,0.9988462328910828,100,1.0,1
1749650596000000000,AAPL,XNAS,2,-1,0.999842643737793,100,100.0,1
1749650599000000000,AAPL,XNAS,1,1,0.9988986849784851,100,303.0,2
1749650599000000000,AAPL,XNAS,1,-1,0.9996328949928284,100,65.0,1
1749650599000000000,AAPL,XNAS,2,1,0.9988462328910828,100,1.0,1
1749650599000000000,AAPL,XNAS,2,-1,0.999842643737793,100,100.0,1
1749650600000000000,AAPL,XNAS,1,1,0.9988986849784851,100,303.0,2
1749650600000000000,AAPL,XNAS,1,-1,0.9996328949928284,100,84.0,1
1749650600000000000,AAPL,XNAS,2,1,0.9988462328910828,100,1.0,1
1749650600000000000,AAPL,XNAS,2,-1,0.999842643737793,100,100.0,1
1749650601000000000,AAPL,XNAS,1,1,0.9988986849784851,100,303.0,2
1749650601000000000,AAPL,XNAS,1,-1,0.9996328949928284,100,35.0,1
1749650601000000000,AAPL,XNAS,2,1,0.9988462328910828,100,1.0,1
1749650601000000000,AAPL,XNAS,2,-1,0.999842643737793,100,100.0,1
1749650602000000000,AAPL,XNAS,1,1,0.9988986849784851,100,303.0,2
1749650602000000000,AAPL,XNAS,1,-1,0.9996328949928284,100,65.0,1
1749650602000000000,AAPL,XNAS,2,1,0.9988462328910828,100,1.0,1
1749650602000000000,AAPL,XNAS,2,-1,0.999842643737793,100,100.0,1
1749650603000000000,AAPL,XNAS,1,1,0.9988986849784851,100,303.0,2
1749650603000000000,AAPL,XNAS,1,-1,0.9996328949928284,100,71.0,1
1749650603000000000,AAPL,XNAS,2,1,0.9988462328910828,100,1.0,1
1749650603000000000,AAPL,XNAS,2,-1,0.999842643737793,100,100.0,1
1749650608000000000,AAPL,XNAS,1,1,0.9988986849784851,100,303.0,2
1749650608000000000,AAPL,XNAS,1,-1,0.9996328949928284,100,71.0,1
1749650608000000000,AAPL,XNAS,2,1,0.9988462328910828,100,1.0,1
1749650608000000000,AAPL,XNAS,2,-1,0.999842643737793,100,100.0,1
1749650610000000000,AAPL,XNAS,1,1,0.9988986849784851,100,301.0,2
1749650610000000000,AAPL,XNAS,1,-1,0.9992657899856567,100,50.0,1
1749650610000000000,AAPL,XNAS,2,1,0.9988462328910828,100,1.0,1
1749650610000000000,AAPL,XNAS,2,-1,0.9996328949928284,100,21.0,1
1749650611000000000,AAPL,XNAS,1,1,0.9988986849784851,100,401.0,3
1749650611000000000,AAPL,XNAS,1,-1,0.9996328949928284,100,17.0,1
1749650611000000000,AAPL,XNAS,2,1,0.9988462328910828,100,1.0,1
1749650611000000000,AAPL,XNAS,2,-1,0.999842643737793,100,100.0,1
1749650613000000000,AAPL,XNAS,1,1,0.9988986849784851,100,518.0,4
1749650613000000000,AAPL,XNAS,1,-1,0.9996328949928284,100,17.0,1
1749650613000000000,AAPL,XNAS,2,1,0.9988462328910828,100,1.0,1
1749650613000000000,AAPL,XNAS,2,-1,0.999842643737793,100,100.0,1
1749650616000000000,AAPL,XNAS,1,1,0.9988986849784851,100,318.0,2
1749650616000000000,AAPL,XNAS,1,-1,0.9992657899856567,100,1.0,1
1749650616000000000,AAPL,XNAS,2,1,0.9988462328910828,100,1.0,1
1749650616000000000,AAPL,XNAS,2,-1,0.9996328949928284,100,16.0,1
1749650617000000000,AAPL,XNAS,1,1,0.9988986849784851,100,418.0,3
1749650617000000000,AAPL,XNAS,1,-1,0.9996328949928284,100,16.0,1
1749650617000000000,AAPL,XNAS,2,1,0.9988462328910828,100,1.0,1
1749650617000000000,AAPL,XNAS,2,-1,0.9997902512550354,100,175.0,1
1749650619000000000,AAPL,XNAS,1,1,0.9988986849784851,100,418.0,3
1749650619000000000,AAPL,XNAS,1,-1,0.9996328949928284,100,16.0,1
1749650619000000000,AAPL,XNAS,2,1,0.9988462328910828,100,1.0,1
1749650619000000000,AAPL,XNAS,2,-1,0.9997902512550354,100,75.0,1
1749650631000000000,AAPL,XNAS,1,1,0.9988986849784851,100,418.0,3
1749650631000000000,AAPL,XNAS,1,-1,0.9996328949928284,100,21.0,1
1749650631000000000,AAPL,XNAS,2,1,0.9988462328910828,100,1.0,1
1749650631000000000,AAPL,XNAS,2,-1,0.9997902512550354,100,75.0,1
1749650632000000000,AAPL,XNAS,1,1,0.9988986849784851,100,418.0,3
1749650632000000000,AAPL,XNAS,1,-1,0.9996328949928284,100,121.0,1
1749650632000000000,AAPL,XNAS,2,1,0.9988462328910828,100,1.0,1
1749650632000000000,AAPL,XNAS,2,-1,0.9997902512550354,100,75.0,1
1749650634000000000,AAPL,XNAS,1,1,0.9988986849784851,100,418.0,3
1749650634000000000,AAPL,XNAS,1,-1,0.9996328949928284,100,21.0,1
1749650634000000000,AAPL,XNAS,2,1,0.9988462328910828,100,1.0,1
1749650634000000000,AAPL,XNAS,2,-1,0.9997902512550354,100,75.0,1
1749650641000000000,AAPL,XNAS,1,1,0.9988986849784851,100,418.0,3
1749650641000000000,AAPL,XNAS,1,-1,0.9996328949928284,100,30.0,1
1749650641000000000,AAPL,XNAS,2,1,0.9988462328910828,100,1.0,1
1749650641000000000,AAPL,XNAS,2,-1,0.9997902512550354,100,75.0,1
1749650643000000000,AAPL,XNAS,1,1,0.9988986849784851,100,418.0,3
1749650643000000000,AAPL,XNAS,1,-1,0.9996328949928284,100,132.0,1
1749650643000000000,AAPL,XNAS,2,1,0.9988462328910828,100,1.0,1
1749650643000000000,AAPL,XNAS,2,-1,0.9997902512550354,100,75.0,1
1749650653000000000,AAPL,XNAS,1,1,0.9988986849784851,100,318.0,2
1749650653000000000,AAPL,XNAS,1,-1,0.9996328949928284,100,132.0,1
1749650653000000000,AAPL,XNAS,2,1,0.9988462328910828,100,1.0,1
1749650653000000000,AAPL,XNAS,2,-1,0.9997902512550354,100,75.0,1
1749650655000000000,AAPL,XNAS,1,1,0.9988986849784851,100,318.0,2
1749650655000000000,AAPL,XNAS,1,-1,0.9996328949928284,100,132.0,1
1749650655000000000,AAPL,XNAS,2,1,0.9988462328910828,100,1.0,1
1749650655000000000,AAPL,XNAS,2,-1,0.9997902512550354,100,75.0,1
1749650661000000000,AAPL,XNAS,1,1,0.9985840320587158,100,15.0,1
1749650661000000000,AAPL,XNAS,1,-1,0.9994231462478638,100,26.0,1
1749650661000000000,AAPL,XNAS,2,1,0.9985315799713135,100,1.0,1
1749650661000000000,AAPL,XNAS,2,-1,0.9994755387306213,100,100.0,1
1749650662000000000,AAPL,XNAS,1,1,0.9985840320587158,100,15.0,1
1749650662000000000,AAPL,XNAS,1,-1,0.9992657899856567,100,6.0,1
1749650662000000000,AAPL,XNAS,2,1,0.9985315799713135,100,111.0,1
1749650662000000000,AAPL,XNAS,2,-1,0.9994755387306213,100,100.0,1
1749650663000000000,AAPL,XNAS,1,1,0.9985840320587158,100,15.0,1
1749650663000000000,AAPL,XNAS,1,-1,0.9992657899856567,100,111.0,1
1749650663000000000,AAPL,XNAS,2,1,0.9985315799713135,100,11.0,1
1749650663000000000,AAPL,XNAS,2,-1,0.9994755387306213,100,100.0,1
1749650665000000000,AAPL,XNAS,1,1,0.9985840320587158,100,15.0,1
1749650665000000000,AAPL,XNAS,1,-1,0.9992133378982544,100,100.0,1
1749650665000000000,AAPL,XNAS,2,1,0.9985315799713135,100,11.0,1
1749650665000000000,AAPL,XNAS,2,-1,0.9992657899856567,100,111.0,1
1749650666000000000,AAPL,XNAS,1,1,0.9985840320587158,100,15.0,1
1749650666000000000,AAPL,XNAS,1,-1,0.9992133378982544,100,100.0,1
1749650666000000000,AAPL,XNAS,2,1,0.9985315799713135,100,11.0,1
1749650666000000000,AAPL,XNAS,2,-1,0.9992657899856567,100,105.0,1
1749650670000000000,AAPL,XNAS,1,1,0.9985840320587158,100,15.0,1
1749650670000000000,AAPL,XNAS,1,-1,0.9988462328910828,100,5.0,1
1749650670000000000,AAPL,XNAS,2,1,0.9985315799713135,100,11.0,1
1749650670000000000,AAPL,XNAS,2,-1,0.999160885810852,100,101.0,1
1749650673000000000,AAPL,XNAS,1,1,0.9985840320587158,100,15.0,1
1749650673000000000,AAPL,XNAS,1,-1,0.9988462328910828,100,5.0,1
1749650673000000000,AAPL,XNAS,2,1,0.9985315799713135,100,11.0,1
1749650673000000000,AAPL,XNAS,2,-1,0.999160885810852,100,1.0,1
1749650676000000000,AAPL,XNAS,1,1,0.9986364841461182,100,120.0,1
1749650676000000000,AAPL,XNAS,1,-1,0.999160885810852,100,1.0,1
1749650676000000000,AAPL,XNAS,2,1,0.9985840320587158,100,115.0,1
1749650676000000000,AAPL,XNAS,2,-1,0.9993182420730591,100,100.0,1
1749650677000000000,AAPL,XNAS,1,1,0.9986364841461182,100,20.0,1
1749650677000000000,AAPL,XNAS,1,-1,0.999160885810852,100,1.0,1
1749650677000000000,AAPL,XNAS,2,1,0.9985840320587158,100,115.0,1
1749650677000000000,AAPL,XNAS,2,-1,0.9993182420730591,100,100.0,1
1749650680000000000,AAPL,XNAS,1,1,0.9986364841461182,100,20.0,1
1749650680000000000,AAPL,XNAS,1,-1,0.9993182420730591,100,100.0,1
1749650680000000000,AAPL,XNAS,2,1,0.9985840320587158,100,115.0,1
1749650680000000000,AAPL,XNAS,2,-1,0.9994755387306213,100,28.0,1
1749650687000000000,AAPL,XNAS,1,1,0.9986364841461182,100,20.0,1
1749650687000000000,AAPL,XNAS,1,-1,0.9988986849784851,100,1.0,1
1749650687000000000,AAPL,XNAS,2,1,0.9985840320587158,100,15.0,1
1749650687000000000,AAPL,XNAS,2,-1,0.9993182420730591,100,100.0,1
1749650689000000000,AAPL,XNAS,1,1,0.9986364841461182,100,20.0,1
1749650689000000000,AAPL,XNAS,1,-1,0.9993182420730591,100,100.0,1
1749650689000000000,AAPL,XNAS,2,1,0.9985840320587158,100,15.0,1
1749650689000000000,AAPL,XNAS,2,-1,0.9994755387306213,100,28.0,1
1749650702000000000,AAPL,XNAS,1,1,0.9986364841461182,100,20.0,1
1749650702000000000,AAPL,XNAS,1,-1,0.9993182420730591,100,100.0,1
1749650702000000000,AAPL,XNAS,2,1,0.9985840320587158,100,16.0,1
1749650702000000000,AAPL,XNAS,2,-1,0.9994755387306213,100,28.0,1
1749650703000000000,AAPL,XNAS,1,1,0.9986364841461182,100,122.0,1
1749650703000000000,AAPL,XNAS,1,-1,0.9994755387306213,100,28.0,1
1749650703000000000,AAPL,XNAS,2,1,0.9985840320587158,100,15.0,1
1749650703000000000,AAPL,XNAS,2,-1,0.999580442905426,100,100.0,1
1749650707000000000,AAPL,XNAS,1,1,0.9986364841461182,100,122.0,1
1749650707000000000,AAPL,XNAS,1,-1,0.9994755387306213,100,28.0,1
1749650707000000000,AAPL,XNAS,2,1,0.9985840320587158,100,15.0,1
1749650707000000000,AAPL,XNAS,2,-1,0.9995279908180237,100,100.0,1
1749650708000000000,AAPL,XNAS,1,1,0.9986364841461182,100,12.0,1
1749650708000000000,AAPL,XNAS,1,-1,0.9994755387306213,100,230.0,1
1749650708000000000,AAPL,XNAS,2,1,0.9985840320587158,100,15.0,1
1749650708000000000,AAPL,XNAS,2,-1,0.999580442905426,100,59.0,1
1749650709000000000,AAPL,XNAS,1,1,0.9986364841461182,100,10.0,1
1749650709000000000,AAPL,XNAS,1,-1,0.9994755387306213,100,230.0,1
1749650709000000000,AAPL,XNAS,2,1,0.9985840320587158,100,215.0,1
1749650709000000000,AAPL,XNAS,2,-1,0.999580442905426,100,59.0,1
1749650710000000000,AAPL,XNAS,1,1,0.9986364841461182,100,10.0,1
1749650710000000000,AAPL,XNAS,1,-1,0.9994755387306213,100,230.0,1
1749650710000000000,AAPL,XNAS,2,1,0.9985840320587158,100,216.0,1
1749650710000000000,AAPL,XNAS,2,-1,0.999580442905426,100,59.0,1
1749650713000000000,AAPL,XNAS,1,1,0.9985840320587158,100,216.0,1
1749650713000000000,AAPL,XNAS,1,-1,0.9993706941604614,100,100.0,1
1749650713000000000,AAPL,XNAS,2,1,0.9985315799713135,100,1.0,1
1749650713000000000,AAPL,XNAS,2,-1,0.9994231462478638,100,200.0,1
1749650714000000000,AAPL,XNAS,1,1,0.9985840320587158,100,216.0,1
1749650714000000000,AAPL,XNAS,1,-1,0.9992657899856567,100,5.0,1
1749650714000000000,AAPL,XNAS,2,1,0.9985315799713135,100,1.0,1
1749650714000000000,AAPL,XNAS,2,-1,0.9994755387306213,100,228.0,1
1749650715000000000,AAPL,XNAS,1,1,0.9985840320587158,100,216.0,1
1749650715000000000,AAPL,XNAS,1,-1,0.9992657899856567,100,115.0,1
1749650715000000000,AAPL,XNAS,2,1,0.9985315799713135,100,1.0,1
1749650715000000000,AAPL,XNAS,2,-1,0.9994755387306213,100,128.0,1
1749650718000000000,AAPL,XNAS,1,1,0.9985840320587158,100,216.0,1
1749650718000000000,AAPL,XNAS,1,-1,0.9992657899856567,100,116.0,1
1749650718000000000,AAPL,XNAS,2,1,0.9985315799713135,100,1.0,1
1749650718000000000,AAPL,XNAS,2,-1,0.9994755387306213,100,128.0,1
1749650719000000000,AAPL,XNAS,1,1,0.9985840320587158,100,216.0,1
1749650719000000000,AAPL,XNAS,1,-1,0.9992657899856567,100,216.0,1
1749650719000000000,AAPL,XNAS,2,1,0.9985315799713135,100,1.0,1
1749650719000000000,AAPL,XNAS,2,-1,0.9994755387306213,100,128.0,1
1749650724000000000,AAPL,XNAS,1,1,0.9985840320587158,100,210.0,1
1749650724000000000,AAPL,XNAS,1,-1,0.9992657899856567,100,216.0,1
1749650724000000000,AAPL,XNAS,2,1,0.9985315799713135,100,1.0,1
1749650724000000000,AAPL,XNAS,2,-1,0.9994755387306213,100,128.0,1
1749650728000000000,AAPL,XNAS,1,1,0.9985840320587158,100,210.0,1
1749650728000000000,AAPL,XNAS,1,-1,0.9992657899856567,100,111.0,1
1749650728000000000,AAPL,XNAS,2,1,0.9985315799713135,100,1.0,1
1749650728000000000,AAPL,XNAS,2,-1,0.9994755387306213,100,128.0,1
1749650729000000000,AAPL,XNAS,1,1,0.9985840320587158,100,210.0,1
1749650729000000000,AAPL,XNAS,1,-1,0.9992657899856567,100,110.0,1
1749650729000000000,AAPL,XNAS,2,1,0.9985315799713135,100,1.0,1
1749650729000000000,AAPL,XNAS,2,-1,0.9994755387306213,100,128.0,1
1749650730000000000,AAPL,XNAS,1,1,0.9988986849784851,100,1.0,1
1749650730000000000,AAPL,XNAS,1,-1,0.9992657899856567,100,10.0,1
1749650730000000000,AAPL,XNAS,2,1,0.9985840320587158,100,209.0,1
1749650730000000000,AAPL,XNAS,2,-1,0.9994755387306213,100,128.0,1
1749650731000000000,AAPL,XNAS,1,1,0.9989511370658875,100,1.0,1
1749650731000000000,AAPL,XNAS,1,-1,0.9990035891532898,100,3.0,1
1749650731000000000,AAPL,XNAS,2,1,0.9988986849784851,100,1.0,1
1749650731000000000,AAPL,XNAS,2,-1,0.9990559816360474,100,1.0,1
1749650732000000000,AAPL,XNAS,1,1,0.9989511370658875,100,1.0,1
1749650732000000000,AAPL,XNAS,1,-1,0.9990035891532898,100,6.0,1
1749650732000000000,AAPL,XNAS,2,1,0.9988986849784851,100,1.0,1
1749650732000000000,AAPL,XNAS,2,-1,0.9990559816360474,100,1.0,1
1749650735000000000,AAPL,XNAS,1,1,0.9989511370658875,100,1.0,1
1749650735000000000,AAPL,XNAS,1,-1,0.9990035891532898,100,4.0,1
1749650735000000000,AAPL,XNAS,2,1,0.9988986849784851,100,1.0,1
1749650735000000000,AAPL,XNAS,2,-1,0.9990559816360474,100,1.0,1
1749650737000000000,AAPL,XNAS,1,1,0.9989511370658875,100,1.0,1
1749650737000000000,AAPL,XNAS,1,-1,0.9990035891532898,100,5.0,1
1749650737000000000,AAPL,XNAS,2,1,0.9988986849784851,100,1.0,1
1749650737000000000,AAPL,XNAS,2,-1,0.9990559816360474,100,1.0,1
1749650740000000000,AAPL,XNAS,1,1,0.9989511370658875,100,1.0,1
1749650740000000000,AAPL,XNAS,1,-1,0.9990035891532898,100,6.0,1
1749650740000000000,AAPL,XNAS,2,1,0.9988986849784851,100,1.0,1
1749650740000000000,AAPL,XNAS,2,-1,0.9990559816360474,100,1.0,1
1749650745000000000,AAPL,XNAS,1,1,0.9989511370658875,100,1.0,1
1749650745000000000,AAPL,XNAS,1,-1,0.9990035891532898,100,6.0,1
1749650745000000000,AAPL,XNAS,2,1,0.9988986849784851,100,1.0,1
1749650745000000000,AAPL,XNAS,2,-1,0.9990559816360474,100,21.0,1
1749650748000000000,AAPL,XNAS,1,1,0.9990035891532898,100,200.0,1
1749650748000000000,AAPL,XNAS,1,-1,0.9992133378982544,100,100.0,1
1749650748000000000,AAPL,XNAS,2,1,0.9989511370658875,100,1.0,1
1749650748000000000,AAPL,XNAS,2,-1,0.9994755387306213,100,128.0,1
1749650749000000000,AAPL,XNAS,1,1,0.9992133378982544,100,1.0,1
1749650749000000000,AAPL,XNAS,1,-1,0.999580442905426,100,64.0,1
1749650749000000000,AAPL,XNAS,2,1,0.9991084337234497,100,300.0,2
1749650749000000000,AAPL,XNAS,2,-1,0.9996328949928284,100,201.0,1
1749650750000000000,AAPL,XNAS,1,1,0.9992133378982544,100,1.0,1
1749650750000000000,AAPL,XNAS,1,-1,0.999580442905426,100,64.0,1
1749650750000000000,AAPL,XNAS,2,1,0.9991084337234497,100,200.0,1
1749650750000000000,AAPL,XNAS,2,-1,0.9996328949928284,100,201.0,1
1749650759000000000,AAPL,XNAS,1,1,0.9991084337234497,100,200.0,1
1749650759000000000,AAPL,XNAS,1,-1,0.999580442905426,100,64.0,1
1749650759000000000,AAPL,XNAS,2,1,0.9990035891532898,100,100.0,1
1749650759000000000,AAPL,XNAS,2,-1,0.9996328949928284,100,201.0,1
1749650762000000000,AAPL,XNAS,1,1,0.9991084337234497,100,200.0,1
1749650762000000000,AAPL,XNAS,1,-1,0.999580442905426,100,64.0,1
1749650762000000000,AAPL,XNAS,2,1,0.9990035891532898,100,100.0,1
1749650762000000000,AAPL,XNAS,2,-1,0.9996328949928284,100,301.0,2
1749650763000000000,AAPL,XNAS,1,1,0.9991084337234497,100,200.0,1
1749650763000000000,AAPL,XNAS,1,-1,0.999580442905426,100,64.0,1
1749650763000000000,AAPL,XNAS,2,1,0.9990035891532898,100,100.0,1
1749650763000000000,AAPL,XNAS,2,-1,0.9996328949928284,100,734.0,6
1749650766000000000,AAPL,XNAS,1,1,0.9991084337234497,100,200.0,1
1749650766000000000,AAPL,XNAS,1,-1,0.999580442905426,100,5.0,1
1749650766000000000,AAPL,XNAS,2,1,0.9990035891532898,100,100.0,1
1749650766000000000,AAPL,XNAS,2,-1,0.9996328949928284,100,634.0,5
1749650768000000000,AAPL,XNAS,1,1,0.9990035891532898,100,100.0,1
1749650768000000000,AAPL,XNAS,1,-1,0.999580442905426,100,126.0,1
1749650768000000000,AAPL,XNAS,2,1,0.9986888766288757,100,300.0,2
1749650768000000000,AAPL,XNAS,2,-1,0.9996328949928284,100,301.0,2
1749650769000000000,AAPL,XNAS,1,1,0.9986888766288757,100,300.0,2
1749650769000000000,AAPL,XNAS,1,-1,0.9994755387306213,100,445.0,3
1749650769000000000,AAPL,XNAS,2,1,0.9986364841461182,100,2.0,1
1749650769000000000,AAPL,XNAS,2,-1,0.9995279908180237,100,400.0,3
1749650770000000000,AAPL,XNAS,1,1,0.9986888766288757,100,400.0,3
1749650770000000000,AAPL,XNAS,1,-1,0.9994755387306213,100,241.0,2
1749650770000000000,AAPL,XNAS,2,1,0.9986364841461182,100,2.0,1
1749650770000000000,AAPL,XNAS,2,-1,0.9995279908180237,100,200.0,1
1749650771000000000,AAPL,XNAS,1,1,0.9986888766288757,100,400.0,3
1749650771000000000,AAPL,XNAS,1,-1,0.9994755387306213,100,200.0,1
1749650771000000000,AAPL,XNAS,2,1,0.9986364841461182,100,2.0,1
1749650771000000000,AAPL,XNAS,2,-1,0.9995279908180237,100,200.0,1
1749650772000000000,AAPL,XNAS,1,1,0.9986888766288757,100,400.0,3
1749650772000000000,AAPL,XNAS,1,-1,0.9994755387306213,100,344.0,2
1749650772000000000,AAPL,XNAS,2,1,0.9986364841461182,100,2.0,1
1749650772000000000,AAPL,XNAS,2,-1,0.9995279908180237,100,200.0,1
1749650773000000000,AAPL,XNAS,1,1,0.9986364841461182,100,6.0,1
1749650773000000000,AAPL,XNAS,1,-1,0.9991084337234497,100,300.0,2
1749650773000000000,AAPL,XNAS,2,1,0.9985840320587158,100,209.0,1
1749650773000000000,AAPL,XNAS,2,-1,0.9993182420730591,100,100.0,1
1749650774000000000,AAPL,XNAS,1,1,0.9986364841461182,100,6.0,1
1749650774000000000,AAPL,XNAS,1,-1,0.9991084337234497,100,200.0,1
1749650774000000000,AAPL,XNAS,2,1,0.9985840320587158,100,209.0,1
1749650774000000000,AAPL,XNAS,2,-1,0.9995279908180237,100,100.0,1
1749650777000000000,AAPL,XNAS,1,1,0.9986364841461182,100,1.0,1
1749650777000000000,AAPL,XNAS,1,-1,0.9991084337234497,100,200.0,1
1749650777000000000,AAPL,XNAS,2,1,0.9985840320587158,100,209.0,1
1749650777000000000,AAPL,XNAS,2,-1,0.9995279908180237,100,100.0,1
1749650778000000000,AAPL,XNAS,1,1,0.9986364841461182,100,1.0,1
1749650778000000000,AAPL,XNAS,1,-1,0.9987937808036804,100,16.0,1
1749650778000000000,AAPL,XNAS,2,1,0.9985840320587158,100,209.0,1
1749650778000000000,AAPL,XNAS,2,-1,0.9991084337234497,100,200.0,1
1749650782000000000,AAPL,XNAS,1,1,0.9986364841461182,100,1.0,1
1749650782000000000,AAPL,XNAS,1,-1,0.9991084337234497,100,200.0,1
1749650782000000000,AAPL,XNAS,2,1,0.9985840320587158,100,209.0,1
1749650782000000000,AAPL,XNAS,2,-1,0.9995279908180237,100,100.0,1
1749650783000000000,AAPL,XNAS,1,1,0.9986364841461182,100,1.0,1
1749650783000000000,AAPL,XNAS,1,-1,0.9991084337234497,100,290.0,2
1749650783000000000,AAPL,XNAS,2,1,0.9985840320587158,100,209.0,1
1749650783000000000,AAPL,XNAS,2,-1,0.9995279908180237,100,100.0,1
1749650791000000000,AAPL,XNAS,1,1,0.9986364841461182,100,1.0,1
1749650791000000000,AAPL,XNAS,1,-1,0.9991084337234497,100,290.0,2
1749650791000000000,AAPL,XNAS,2,1,0.9985840320587158,100,209.0,1
1749650791000000000,AAPL,XNAS,2,-1,0.9995279908180237,100,100.0,1
1749650803000000000,AAPL,XNAS,1,1,0.9986888766288757,100,100.0,1
1749650803000000000,AAPL,XNAS,1,-1,0.9991084337234497,100,290.0,2
1749650803000000000,AAPL,XNAS,2,1,0.9986364841461182,100,1.0,1
1749650803000000000,AAPL,XNAS,2,-1,0.9992133378982544,100,9.0,1
1749650804000000000,AAPL,XNAS,1,1,0.9986364841461182,100,1.0,1
1749650804000000000,AAPL,XNAS,1,-1,0.9991084337234497,100,290.0,2
1749650804000000000,AAPL,XNAS,2,1,0.9985840320587158,100,209.0,1
1749650804000000000,AAPL,XNAS,2,-1,0.9992133378982544,100,9.0,1
1749650805000000000,AAPL,XNAS,1,1,0.9986364841461182,100,1.0,1
1749650805000000000,AAPL,XNAS,1,-1,0.9991084337234497,100,290.0,2
1749650805000000000,AAPL,XNAS,2,1,0.9985840320587158,100,209.0,1
1749650805000000000,AAPL,XNAS,2,-1,0.9992133378982544,100,209.0,1
1749650806000000000,AAPL,XNAS,1,1,0.9986364841461182,100,1.0,1
1749650806000000000,AAPL,XNAS,1,-1,0.9991084337234497,100,290.0,2
1749650806000000000,AAPL,XNAS,2,1,0.9985840320587158,100,209.0,1
1749650806000000000,AAPL,XNAS,2,-1,0.9992133378982544,100,109.0,1
1749650818000000000,AAPL,XNAS,1,1,0.9986364841461182,100,1.0,1
1749650818000000000,AAPL,XNAS,1,-1,0.9991084337234497,100,390.0,3
1749650818000000000,AAPL,XNAS,2,1,0.9985840320587158,100,209.0,1
1749650818000000000,AAPL,XNAS,2,-1,0.9992133378982544,100,109.0,1
1749650826000000000,AAPL,XNAS,1,1,0.9986364841461182,100,1.0,1
1749650826000000000,AAPL,XNAS,1,-1,0.9991084337234497,100,390.0,3
1749650826000000000,AAPL,XNAS,2,1,0.9985840320587158,100,309.0,2
1749650826000000000,AAPL,XNAS,2,-1,0.9992133378982544,100,109.0,1
1749650829000000000,AAPL,XNAS,1,1,0.9986364841461182,100,1.0,1
1749650829000000000,AAPL,XNAS,1,-1,0.9988462328910828,100,1.0,1
1749650829000000000,AAPL,XNAS,2,1,0.9985840320587158,100,309.0,2
1749650829000000000,AAPL,XNAS,2,-1,0.9991084337234497,100,390.0,3
1749650836000000000,AAPL,XNAS,1,1,0.9986364841461182,100,3.0,1
1749650836000000000,AAPL,XNAS,1,-1,0.9991084337234497,100,390.0,3
1749650836000000000,AAPL,XNAS,2,1,0.9985840320587158,100,309.0,2
1749650836000000000,AAPL,XNAS,2,-1,0.9992133378982544,100,109.0,1
1749650838000000000,AAPL,XNAS,1,1,0.9986364841461182,100,1.0,1
1749650838000000000,AAPL,XNAS,1,-1,0.9991084337234497,100,390.0,3
1749650838000000000,AAPL,XNAS,2,1,0.9985840320587158,100,309.0,2
1749650838000000000,AAPL,XNAS,2,-1,0.9992133378982544,100,109.0,1
1749650850000000000,AAPL,XNAS,1,1,0.9988462328910828,100,1.0,1
1749650850000000000,AAPL,XNAS,1,-1,0.9991084337234497,100,390.0,3
1749650850000000000,AAPL,XNAS,2,1,0.9986364841461182,100,1.0,1
1749650850000000000,AAPL,XNAS,2,-1,0.9992133378982544,100,109.0,1
1749650852000000000,AAPL,XNAS,1,1,0.9986364841461182,100,1.0,1
1749650852000000000,AAPL,XNAS,1,-1,0.9990035891532898,100,200.0,1
1749650852000000000,AAPL,XNAS,2,1,0.9985840320587158,100,409.0,3
1749650852000000000,AAPL,XNAS,2,-1,0.9991084337234497,100,191.0,1
1749650856000000000,AAPL,XNAS,1,1,0.9986364841461182,100,1.0,1
1749650856000000000,AAPL,XNAS,1,-1,0.9990035891532898,100,200.0,1
1749650856000000000,AAPL,XNAS,2,1,0.9985840320587158,100,409.0,3
1749650856000000000,AAPL,XNAS,2,-1,0.9990559816360474,100,1.0,1
1749650861000000000,AAPL,XNAS,1,1,0.9986364841461182,100,202.0,1
1749650861000000000,AAPL,XNAS,1,-1,0.9990035891532898,100,200.0,1
1749650861000000000,AAPL,XNAS,2,1,0.9985840320587158,100,209.0,1
1749650861000000000,AAPL,XNAS,2,-1,0.9990559816360474,100,1.0,1
1749650862000000000,AAPL,XNAS,1,1,0.9986364841461182,100,202.0,1
1749650862000000000,AAPL,XNAS,1,-1,0.9990035891532898,100,200.0,1
1749650862000000000,AAPL,XNAS,2,1,0.9985840320587158,100,109.0,1
1749650862000000000,AAPL,XNAS,2,-1,0.9990559816360474,100,1.0,1
1749650867000000000,AAPL,XNAS,1,1,0.9986364841461182,100,102.0,1
1749650867000000000,AAPL,XNAS,1,-1,0.9990035891532898,100,200.0,1
1749650867000000000,AAPL,XNAS,2,1,0.9985840320587158,100,109.0,1
1749650867000000000,AAPL,XNAS,2,-1,0.9990559816360474,100,1.0,1
1749650877000000000,AAPL,XNAS,1,1,0.9983217716217041,100,2.0,1
1749650877000000000,AAPL,XNAS,1,-1,0.9988462328910828,100,200.0,1
1749650877000000000,AAPL,XNAS,2,1,0.9982693791389465,100,1.0,1
1749650877000000000,AAPL,XNAS,2,-1,0.9989511370658875,100,100.0,1
1749650878000000000,AAPL,XNAS,1,1,0.9983217716217041,100,202.0,1
1749650878000000000,AAPL,XNAS,1,-1,0.9988462328910828,100,240.0,2
1749650878000000000,AAPL,XNAS,2,1,0.9982693791389465,100,1.0,1
1749650878000000000,AAPL,XNAS,2,-1,0.9990559816360474,100,101.0,1
1749650882000000000,AAPL,XNAS,1,1,0.9983217716217041,100,203.0,1
1749650882000000000,AAPL,XNAS,1,-1,0.9988462328910828,100,240.0,2
1749650882000000000,AAPL,XNAS,2,1,0.9982693791389465,100,1.0,1
1749650882000000000,AAPL,XNAS,2,-1,0.9990559816360474,100,101.0,1
1749650883000000000,AAPL,XNAS,1,1,0.9983217716217041,100,203.0,1
1749650883000000000,AAPL,XNAS,1,-1,0.9988462328910828,100,200.0,1
1749650883000000000,AAPL,XNAS,2,1,0.9982693791389465,100,1.0,1
1749650883000000000,AAPL,XNAS,2,-1,0.9990559816360474,100,101.0,1
1749650893000000000,AAPL,XNAS,1,1,0.9983217716217041,100,203.0,1
1749650893000000000,AAPL,XNAS,1,-1,0.9988462328910828,100,200.0,1
1749650893000000000,AAPL,XNAS,2,1,0.9982693791389465,100,1.0,1
1749650893000000000,AAPL,XNAS,2,-1,0.9990559816360474,100,1.0,1
1749650895000000000,AAPL,XNAS,1,1,0.9983217716217041,100,203.0,1
1749650895000000000,AAPL,XNAS,1,-1,0.9988462328910828,100,200.0,1
1749650895000000000,AAPL,XNAS,2,1,0.9982693791389465,100,1.0,1
1749650895000000000,AAPL,XNAS,2,-1,0.9989511370658875,100,100.0,1
1749650900000000000,AAPL,XNAS,1,1,0.9983217716217041,100,3.0,1
1749650900000000000,AAPL,XNAS,1,-1,0.9988462328910828,100,200.0,1
1749650900000000000,AAPL,XNAS,2,1,0.9982693791389465,100,1.0,1
1749650900000000000,AAPL,XNAS,2,-1,0.9989511370658875,100,100.0,1
1749650907000000000,AAPL,XNAS,1,1,0.9983217716217041,100,3.0,1
1749650907000000000,AAPL,XNAS,1,-1,0.9988462328910828,100,200.0,1
1749650907000000000,AAPL,XNAS,2,1,0.9982693791389465,100,1.0,1
1749650907000000000,AAPL,XNAS,2,-1,0.9990559816360474,100,1.0,1
1749650910000000000,AAPL,XNAS,1,1,0.9983217716217041,100,2.0,1
1749650910000000000,AAPL,XNAS,1,-1,0.9987413287162781,100,71.0,1
1749650910000000000,AAPL,XNAS,2,1,0.9982693791389465,100,1.0,1
1749650910000000000,AAPL,XNAS,2,-1,0.9990559816360474,100,1.0,1
1749650911000000000,AAPL,XNAS,1,1,0.9985840320587158,100,1.0,1
1749650911000000000,AAPL,XNAS,1,-1,0.9987413287162781,100,46.0,1
1749650911000000000,AAPL,XNAS,2,1,0.9983217716217041,100,2.0,1
1749650911000000000,AAPL,XNAS,2,-1,0.9990559816360474,100,1.0,1
1749650912000000000,AAPL,XNAS,1,1,0.9987413287162781,100,2.0,1
1749650912000000000,AAPL,XNAS,1,-1,0.9990559816360474,100,1.0,1
1749650912000000000,AAPL,XNAS,2,1,0.9986364841461182,100,10.0,1
1749650912000000000,AAPL,XNAS,2,-1,0.9992133378982544,100,110.0,1
1749650913000000000,AAPL,XNAS,1,1,0.9985840320587158,100,1.0,1
1749650913000000000,AAPL,XNAS,1,-1,0.9988986849784851,100,200.0,1
1749650913000000000,AAPL,XNAS,2,1,0.9983217716217041,100,2.0,1
1749650913000000000,AAPL,XNAS,2,-1,0.9990559816360474,100,1.0,1
1749650918000000000,AAPL,XNAS,1,1,0.9985840320587158,100,1.0,1
1749650918000000000,AAPL,XNAS,1,-1,0.9988986849784851,100,300.0,2
1749650918000000000,AAPL,XNAS,2,1,0.9984266757965088,100,7.0,1
1749650918000000000,AAPL,XNAS,2,-1,0.9990559816360474,100,1.0,1
1749650931000000000,AAPL,XNAS,1,1,0.9985840320587158,100,1.0,1
1749650931000000000,AAPL,XNAS,1,-1,0.9988986849784851,100,300.0,2
1749650931000000000,AAPL,XNAS,2,1,0.9984266757965088,100,107.0,1
1749650931000000000,AAPL,XNAS,2,-1,0.9990559816360474,100,1.0,1
1749650932000000000,AAPL,XNAS,1,1,0.9985840320587158,100,1.0,1
1749650932000000000,AAPL,XNAS,1,-1,0.9988986849784851,100,300.0,2
1749650932000000000,AAPL,XNAS,2,1,0.9984266757965088,100,100.0,1
1749650932000000000,AAPL,XNAS,2,-1,0.9990559816360474,100,1.0,1
1749650933000000000,AAPL,XNAS,1,1,0.9985840320587158,100,1.0,1
1749650933000000000,AAPL,XNAS,1,-1,0.9988986849784851,100,300.0,2
1749650933000000000,AAPL,XNAS,2,1,0.9984791278839111,100,7.0,1
1749650933000000000,AAPL,XNAS,2,-1,0.9990559816360474,100,1.0,1
1749650935000000000,AAPL,XNAS,1,1,0.9985840320587158,100,1.0,1
1749650935000000000,AAPL,XNAS,1,-1,0.9988986849784851,100,300.0,2
1749650935000000000,AAPL,XNAS,2,1,0.9984791278839111,100,207.0,1
1749650935000000000,AAPL,XNAS,2,-1,0.9990559816360474,100,1.0,1
1749650937000000000,AAPL,XNAS,1,1,0.9985840320587158,100,1.0,1
1749650937000000000,AAPL,XNAS,1,-1,0.9988986849784851,100,300.0,2
1749650937000000000,AAPL,XNAS,2,1,0.9984791278839111,100,107.0,1
1749650937000000000,AAPL,XNAS,2,-1,0.9990559816360474,100,1.0,1
1749650940000000000,AAPL,XNAS,1,1,0.9984791278839111,100,107.0,1
1749650940000000000,AAPL,XNAS,1,-1,0.9988986849784851,100,300.0,2
1749650940000000000,AAPL,XNAS,2,1,0.9983217716217041,100,2.0,1
1749650940000000000,AAPL,XNAS,2,-1,0.9990559816360474,100,1.0,1
1749650942000000000,AAPL,XNAS,1,1,0.9984791278839111,100,208.0,1
1749650942000000000,AAPL,XNAS,1,-1,0.9988986849784851,100,300.0,2
1749650942000000000,AAPL,XNAS,2,1,0.9984266757965088,100,109.0,1
1749650942000000000,AAPL,XNAS,2,-1,0.9990559816360474,100,1.0,1
1749650943000000000,AAPL,XNAS,1,1,0.9984791278839111,100,208.0,1
1749650943000000000,AAPL,XNAS,1,-1,0.9988986849784851,100,300.0,2
1749650943000000000,AAPL,XNAS,2,1,0.9984266757965088,100,9.0,1
1749650943000000000,AAPL,XNAS,2,-1,0.9990559816360474,100,1.0,1
1749650954000000000,AAPL,XNAS,1,1,0.9984791278839111,100,308.0,2
1749650954000000000,AAPL,XNAS,1,-1,0.9988986849784851,100,300.0,2
1749650954000000000,AAPL,XNAS,2,1,0.9984266757965088,100,9.0,1
1749650954000000000,AAPL,XNAS,2,-1,0.9990559816360474,100,1.0,1
1749650955000000000,AAPL,XNAS,1,1,0.9984791278839111,100,317.0,2
1749650955000000000,AAPL,XNAS,1,-1,0.9988986849784851,100,300.0,2
1749650955000000000,AAPL,XNAS,2,1,0.9984266757965088,100,9.0,1
1749650955000000000,AAPL,XNAS,2,-1,0.9990559816360474,100,1.0,1
1749650969000000000,AAPL,XNAS,1,1,0.9984791278839111,100,216.0,1
1749650969000000000,AAPL,XNAS,1,-1,0.9988986849784851,100,300.0,2
1749650969000000000,AAPL,XNAS,2,1,0.9984266757965088,100,9.0,1
1749650969000000000,AAPL,XNAS,2,-1,0.9990559816360474,100,1.0,1
1749650971000000000,AAPL,XNAS,1,1,0.9984791278839111,100,216.0,1
1749650971000000000,AAPL,XNAS,1,-1,0.9986888766288757,100,1.0,1
1749650971000000000,AAPL,XNAS,2,1,0.9984266757965088,100,9.0,1
1749650971000000000,AAPL,XNAS,2,-1,0.9988986849784851,100,300.0,2
1749650972000000000,AAPL,XNAS,1,1,0.9983217716217041,100,2.0,1
1749650972000000000,AAPL,XNAS,1,-1,0.9986888766288757,100,309.0,2
1749650972000000000,AAPL,XNAS,2,1,0.9982693791389465,100,1.0,1
1749650972000000000,AAPL,XNAS,2,-1,0.9988462328910828,100,100.0,1
1749650974000000000,AAPL,XNAS,1,1,0.9983217716217041,100,2.0,1
1749650974000000000,AAPL,XNAS,1,-1,0.9986888766288757,100,309.0,2
1749650974000000000,AAPL,XNAS,2,1,0.9982693791389465,100,1.0,1
1749650974000000000,AAPL,XNAS,2,-1,0.9988986849784851,100,100.0,1
1749650975000000000,AAPL,XNAS,1,1,0.9983217716217041,100,2.0,1
1749650975000000000,AAPL,XNAS,1,-1,0.9986364841461182,100,80.0,1
1749650975000000000,AAPL,XNAS,2,1,0.9982693791389465,100,2.0,1
1749650975000000000,AAPL,XNAS,2,-1,0.9986888766288757,100,309.0,2
1749650976000000000,AAPL,XNAS,1,1,0.9983217716217041,100,2.0,1
1749650976000000000,AAPL,XNAS,1,-1,0.9986364841461182,100,352.0,2
1749650976000000000,AAPL,XNAS,2,1,0.9982693791389465,100,1.0,1
1749650976000000000,AAPL,XNAS,2,-1,0.9986888766288757,100,9.0,1
1749650977000000000,AAPL,XNAS,1,1,0.9983217716217041,100,2.0,1
1749650977000000000,AAPL,XNAS,1,-1,0.9986364841461182,100,253.0,2
1749650977000000000,AAPL,XNAS,2,1,0.9982693791389465,100,1.0,1
1749650977000000000,AAPL,XNAS,2,-1,0.9986888766288757,100,8.0,1
1749650980000000000,AAPL,XNAS,1,1,0.9983217716217041,100,2.0,1
1749650980000000000,AAPL,XNAS,1,-1,0.9986364841461182,100,252.0,2
1749650980000000000,AAPL,XNAS,2,1,0.9982693791389465,100,1.0,1
1749650980000000000,AAPL,XNAS,2,-1,0.9986888766288757,100,8.0,1
1749650981000000000,AAPL,XNAS,1,1,0.9983217716217041,100,2.0,1
1749650981000000000,AAPL,XNAS,1,-1,0.9986364841461182,100,252.0,2
1749650981000000000,AAPL,XNAS,2,1,0.9982693791389465,100,102.0,1
1749650981000000000,AAPL,XNAS,2,-1,0.9986888766288757,100,8.0,1
1749650988000000000,AAPL,XNAS,1,1,0.9983217716217041,100,1.0,1
1749650988000000000,AAPL,XNAS,1,-1,0.9986364841461182,100,252.0,2
1749650988000000000,AAPL,XNAS,2,1,0.9982693791389465,100,2.0,1
1749650988000000000,AAPL,XNAS,2,-1,0.9986888766288757,100,8.0,1
1749650989000000000,AAPL,XNAS,1,1,0.9983217716217041,100,1.0,1
1749650989000000000,AAPL,XNAS,1,-1,0.9986364841461182,100,252.0,2
1749650989000000000,AAPL,XNAS,2,1,0.9982693791389465,100,1.0,1
1749650989000000000,AAPL,XNAS,2,-1,0.9986888766288757,100,8.0,1
1749651000000000000,AAPL,XNAS,1,1,0.9990487098693848,100,90.0,1
1749651000000000000,AAPL,XNAS,1,-1,1.0011368989944458,100,190.0,1
1749651000000000000,AAPL,XNAS,2,1,0.9986774921417236,100,1.0,1
1749651000000000000,AAPL,XNAS,2,-1,1.0023434162139893,100,513.0,4
1749651001000000000,AAPL,XNAS,1,1,0.9990487098693848,100,90.0,1
1749651001000000000,AAPL,XNAS,1,-1,1.0011368989944458,100,190.0,1
1749651001000000000,AAPL,XNAS,2,1,0.9986774921417236,100,1.0,1
1749651001000000000,AAPL,XNAS,2,-1,1.0023434162139893,100,413.0,3
1749651004000000000,AAPL,XNAS,1,1,0.99909508228302,100,90.0,1
1749651004000000000,AAPL,XNAS,1,-1,1.0011368989944458,100,190.0,1
1749651004000000000,AAPL,XNAS,2,1,0.9986774921417236,100,1.0,1
1749651004000000000,AAPL,XNAS,2,-1,1.0023434162139893,100,513.0,4
1749651005000000000,AAPL,XNAS,1,1,0.99909508228302,100,190.0,1
1749651005000000000,AAPL,XNAS,1,-1,1.0011368989944458,100,190.0,1
1749651005000000000,AAPL,XNAS,2,1,0.9986774921417236,100,1.0,1
1749651005000000000,AAPL,XNAS,2,-1,1.0023434162139893,100,413.0,3
1749651022000000000,AAPL,XNAS,1,1,0.99909508228302,100,190.0,1
1749651022000000000,AAPL,XNAS,1,-1,1.0011368989944458,100,282.0,2
1749651022000000000,AAPL,XNAS,2,1,0.9986774921417236,100,1.0,1
1749651022000000000,AAPL,XNAS,2,-1,1.0023434162139893,100,413.0,3
1749651025000000000,AAPL,XNAS,1,1,0.99909508228302,100,100.0,1
1749651025000000000,AAPL,XNAS,1,-1,1.0011368989944458,100,382.0,3
1749651025000000000,AAPL,XNAS,2,1,0.9986774921417236,100,1.0,1
1749651025000000000,AAPL,XNAS,2,-1,1.0023434162139893,100,413.0,3
1749651027000000000,AAPL,XNAS,1,1,0.99909508228302,100,100.0,1
1749651027000000000,AAPL,XNAS,1,-1,1.0000696182250977,100,54.0,1
1749651027000000000,AAPL,XNAS,2,1,0.9989094734191895,100,100.0,1
1749651027000000000,AAPL,XNAS,2,-1,1.0011368989944458,100,100.0,1
1749651031000000000,AAPL,XNAS,1,1,0.9986774921417236,100,1.0,1
1749651031000000000,AAPL,XNAS,1,-1,0.9995127320289612,100,90.0,1
1749651031000000000,AAPL,XNAS,2,1,0.9985846281051636,100,1.0,1
1749651031000000000,AAPL,XNAS,2,-1,1.0000696182250977,100,18.0,1
1749651032000000000,AAPL,XNAS,1,1,0.9984918236732483,100,100.0,1
1749651032000000000,AAPL,XNAS,1,-1,1.0000232458114624,100,90.0,1
1749651032000000000,AAPL,XNAS,2,1,0.997702956199646,100,198.0,1
1749651032000000000,AAPL,XNAS,2,-1,1.0000696182250977,100,18.0,1
1749651033000000000,AAPL,XNAS,1,1,0.9984918236732483,100,100.0,1
1749651033000000000,AAPL,XNAS,1,-1,0.9998840093612671,100,18.0,1
1749651033000000000,AAPL,XNAS,2,1,0.997702956199646,100,198.0,1
1749651033000000000,AAPL,XNAS,2,-1,1.0011368989944458,100,100.0,1
1749651034000000000,AAPL,XNAS,1,1,0.997702956199646,100,198.0,1
1749651034000000000,AAPL,XNAS,1,-1,0.9996519684791565,100,90.0,1
1749651034000000000,AAPL,XNAS,2,1,0.9973781108856201,100,7.0,1
1749651034000000000,AAPL,XNAS,2,-1,0.9998840093612671,100,18.0,1
1749651035000000000,AAPL,XNAS,1,1,0.9981206059455872,100,90.0,1
1749651035000000000,AAPL,XNAS,1,-1,0.9998375773429871,100,90.0,1
1749651035000000000,AAPL,XNAS,2,1,0.997702956199646,100,198.0,1
1749651035000000000,AAPL,XNAS,2,-1,1.0011368989944458,100,100.0,1
1749651036000000000,AAPL,XNAS,1,1,0.9981206059455872,100,90.0,1
1749651036000000000,AAPL,XNAS,1,-1,0.9998375773429871,100,90.0,1
1749651036000000000,AAPL,XNAS,2,1,0.997702956199646,100,198.0,1
1749651036000000000,AAPL,XNAS,2,-1,1.0010905265808105,100,146.0,1
1749651037000000000,AAPL,XNAS,1,1,0.9981670379638672,100,90.0,1
1749651037000000000,AAPL,XNAS,1,-1,1.0007193088531494,100,200.0,1
1749651037000000000,AAPL,XNAS,2,1,0.997702956199646,100,198.0,1
1749651037000000000,AAPL,XNAS,2,-1,1.0007656812667847,100,228.0,1
1749651038000000000,AAPL,XNAS,1,1,0.9981670379638672,100,90.0,1
1749651038000000000,AAPL,XNAS,1,-1,1.0003015995025635,100,190.0,1
1749651038000000000,AAPL,XNAS,2,1,0.997702956199646,100,198.0,1
1749651038000000000,AAPL,XNAS,2,-1,1.0006728172302246,100,138.0,1
1749651039000000000,AAPL,XNAS,1,1,0.9981670379638672,100,90.0,1
1749651039000000000,AAPL,XNAS,1,-1,1.000208854675293,100,282.0,2
1749651039000000000,AAPL,XNAS,2,1,0.997702956199646,100,198.0,1
1749651039000000000,AAPL,XNAS,2,-1,1.0002552270889282,100,92.0,1
1749651041000000000,AAPL,XNAS,1,1,0.997749388217926,100,90.0,1
1749651041000000000,AAPL,XNAS,1,-1,1.000208854675293,100,282.0,2
1749651041000000000,AAPL,XNAS,2,1,0.997702956199646,100,198.0,1
1749651041000000000,AAPL,XNAS,2,-1,1.0002552270889282,100,92.0,1
1749651044000000000,AAPL,XNAS,1,1,0.997702956199646,100,160.0,1
1749651044000000000,AAPL,XNAS,1,-1,1.000115990638733,100,190.0,1
1749651044000000000,AAPL,XNAS,2,1,0.9973781108856201,100,7.0,1
1749651044000000000,AAPL,XNAS,2,-1,1.000208854675293,100,92.0,1
1749651045000000000,AAPL,XNAS,1,1,0.997702956199646,100,155.0,1
1749651045000000000,AAPL,XNAS,1,-1,1.000115990638733,100,290.0,2
1749651045000000000,AAPL,XNAS,2,1,0.9973781108856201,100,7.0,1
1749651045000000000,AAPL,XNAS,2,-1,1.000208854675293,100,92.0,1
1749651047000000000,AAPL,XNAS,1,1,0.997702956199646,100,155.0,1
1749651047000000000,AAPL,XNAS,1,-1,1.000115990638733,100,190.0,1
1749651047000000000,AAPL,XNAS,2,1,0.9973781108856201,100,7.0,1
1749651047000000000,AAPL,XNAS,2,-1,1.000208854675293,100,92.0,1
1749651048000000000,AAPL,XNAS,1,1,0.997749388217926,100,90.0,1
1749651048000000000,AAPL,XNAS,1,-1,1.000115990638733,100,190.0,1
1749651048000000000,AAPL,XNAS,2,1,0.997702956199646,100,155.0,1
1749651048000000000,AAPL,XNAS,2,-1,1.000208854675293,100,92.0,1
1749651055000000000,AAPL,XNAS,1,1,0.997749388217926,100,90.0,1
1749651055000000000,AAPL,XNAS,1,-1,0.9999303817749023,100,282.0,2
1749651055000000000,AAPL,XNAS,2,1,0.997702956199646,100,155.0,1
1749651055000000000,AAPL,XNAS,2,-1,0.9999768137931824,100,92.0,1
1749651056000000000,AAPL,XNAS,1,1,0.997702956199646,100,155.0,1
1749651056000000000,AAPL,XNAS,1,-1,0.9997447729110718,100,191.0,1
1749651056000000000,AAPL,XNAS,2,1,0.9973781108856201,100,7.0,1
1749651056000000000,AAPL,XNAS,2,-1,0.9999303817749023,100,92.0,1
1749651057000000000,AAPL,XNAS,1,1,0.997749388217926,100,90.0,1
1749651057000000000,AAPL,XNAS,1,-1,0.9996519684791565,100,190.0,1
1749651057000000000,AAPL,XNAS,2,1,0.997702956199646,100,147.0,1
1749651057000000000,AAPL,XNAS,2,-1,0.9998375773429871,100,1.0,1
1749651061000000000,AAPL,XNAS,1,1,0.997749388217926,100,90.0,1
1749651061000000000,AAPL,XNAS,1,-1,0.9996055364608765,100,100.0,1
1749651061000000000,AAPL,XNAS,2,1,0.997702956199646,100,147.0,1
1749651061000000000,AAPL,XNAS,2,-1,1.0003944635391235,100,101.0,1
1749651062000000000,AAPL,XNAS,1,1,0.997749388217926,100,190.0,1
1749651062000000000,AAPL,XNAS,1,-1,0.9995591640472412,100,101.0,1
1749651062000000000,AAPL,XNAS,2,1,0.997702956199646,100,147.0,1
1749651062000000000,AAPL,XNAS,2,-1,1.0006728172302246,100,46.0,1
1749651063000000000,AAPL,XNAS,1,1,0.9985846281051636,100,90.0,1
1749651063000000000,AAPL,XNAS,1,-1,1.00081205368042,100,91.0,1
1749651063000000000,AAPL,XNAS,2,1,0.9985382556915283,100,100.0,1
1749651063000000000,AAPL,XNAS,2,-1,1.0011368989944458,100,100.0,1
1749651064000000000,AAPL,XNAS,1,1,0.9985846281051636,100,90.0,1
1749651064000000000,AAPL,XNAS,1,-1,1.00081205368042,100,91.0,1
1749651064000000000,AAPL,XNAS,2,1,0.998445451259613,100,38.0,1
1749651064000000000,AAPL,XNAS,2,-1,1.0011368989944458,100,100.0,1
1749651065000000000,AAPL,XNAS,1,1,0.9986774921417236,100,90.0,1
1749651065000000000,AAPL,XNAS,1,-1,1.00081205368042,100,183.0,1
1749651065000000000,AAPL,XNAS,2,1,0.9985846281051636,100,100.0,1
1749651065000000000,AAPL,XNAS,2,-1,1.0011368989944458,100,100.0,1
1749651066000000000,AAPL,XNAS,1,1,0.9986774921417236,100,190.0,1
1749651066000000000,AAPL,XNAS,1,-1,1.00081205368042,100,183.0,1
1749651066000000000,AAPL,XNAS,2,1,0.998445451259613,100,38.0,1
1749651066000000000,AAPL,XNAS,2,-1,1.0011368989944458,100,100.0,1
1749651067000000000,AAPL,XNAS,1,1,0.9988631010055542,100,90.0,1
1749651067000000000,AAPL,XNAS,1,-1,1.0011368989944458,100,100.0,1
1749651067000000000,AAPL,XNAS,2,1,0.9986774921417236,100,100.0,1
1749651067000000000,AAPL,XNAS,2,-1,1.0012297630310059,100,1.0,1
1749651068000000000,AAPL,XNAS,1,1,0.9991415143013,100,90.0,1
1749651068000000000,AAPL,XNAS,1,-1,1.0011368989944458,100,192.0,1
1749651068000000000,AAPL,XNAS,2,1,0.9990487098693848,100,100.0,1
1749651068000000000,AAPL,XNAS,2,-1,1.0012297630310059,100,1.0,1
1749651072000000000,AAPL,XNAS,1,1,0.9991415143013,100,90.0,1
1749651072000000000,AAPL,XNAS,1,-1,1.0011368989944458,100,192.0,1
1749651072000000000,AAPL,XNAS,2,1,0.9986774921417236,100,100.0,1
1749651072000000000,AAPL,XNAS,2,-1,1.0023434162139893,100,423.0,3
1749651073000000000,AAPL,XNAS,1,1,0.9991415143013,100,190.0,1
1749651073000000000,AAPL,XNAS,1,-1,1.0011368989944458,100,192.0,1
1749651073000000000,AAPL,XNAS,2,1,0.9986774921417236,100,100.0,1
1749651073000000000,AAPL,XNAS,2,-1,1.0014153718948364,100,1.0,1
1749651078000000000,AAPL,XNAS,1,1,0.9991415143013,100,190.0,1
1749651078000000000,AAPL,XNAS,1,-1,1.0011368989944458,100,192.0,1
1749651078000000000,AAPL,XNAS,2,1,0.9986774921417236,100,100.0,1
1749651078000000000,AAPL,XNAS,2,-1,1.001600980758667,100,1.0,1
1749651079000000000,AAPL,XNAS,1,1,0.9986774921417236,100,100.0,1
1749651079000000000,AAPL,XNAS,1,-1,1.0008585453033447,100,100.0,1
1749651079000000000,AAPL,XNAS,2,1,0.998445451259613,100,38.0,1
1749651079000000000,AAPL,XNAS,2,-1,1.00090491771698,100,90.0,1
1749651080000000000,AAPL,XNAS,1,1,0.9986774921417236,100,100.0,1
1749651080000000000,AAPL,XNAS,1,-1,1.0007656812667847,100,91.0,1
1749651080000000000,AAPL,XNAS,2,1,0.998445451259613,100,38.0,1
1749651080000000000,AAPL,XNAS,2,-1,1.0011368989944458,100,100.0,1
1749651085000000000,AAPL,XNAS,1,1,0.9991878867149353,100,90.0,1
1749651085000000000,AAPL,XNAS,1,-1,1.0007656812667847,100,101.0,1
1749651085000000000,AAPL,XNAS,2,1,0.9986774921417236,100,200.0,1
1749651085000000000,AAPL,XNAS,2,-1,1.0011368989944458,100,100.0,1
1749651088000000000,AAPL,XNAS,1,1,0.9991878867149353,100,90.0,1
1749651088000000000,AAPL,XNAS,1,-1,1.0007656812667847,100,101.0,1
1749651088000000000,AAPL,XNAS,2,1,0.9986774921417236,100,200.0,1
1749651088000000000,AAPL,XNAS,2,-1,1.0011368989944458,100,100.0,1
1749651091000000000,AAPL,XNAS,1,1,0.9991878867149353,100,90.0,1
1749651091000000000,AAPL,XNAS,1,-1,1.0007656812667847,100,100.0,1
1749651091000000000,AAPL,XNAS,2,1,0.9986774921417236,100,200.0,1
1749651091000000000,AAPL,XNAS,2,-1,1.0009512901306152,100,1.0,1
1749651094000000000,AAPL,XNAS,1,1,0.9986774921417236,100,196.0,1
1749651094000000000,AAPL,XNAS,1,-1,0.9999303817749023,100,183.0,1
1749651094000000000,AAPL,XNAS,2,1,0.998445451259613,100,38.0,1
1749651094000000000,AAPL,XNAS,2,-1,0.9999768137931824,100,60.0,1
1749651098000000000,AAPL,XNAS,1,1,0.9986774921417236,100,196.0,1
1749651098000000000,AAPL,XNAS,1,-1,0.9999303817749023,100,183.0,1
1749651098000000000,AAPL,XNAS,2,1,0.998445451259613,100,38.0,1
1749651098000000000,AAPL,XNAS,2,-1,0.9999768137931824,100,65.0,1
1749651099000000000,AAPL,XNAS,1,1,0.9986774921417236,100,196.0,1
1749651099000000000,AAPL,XNAS,1,-1,0.9999303817749023,100,93.0,1
1749651099000000000,AAPL,XNAS,2,1,0.998445451259613,100,38.0,1
1749651099000000000,AAPL,XNAS,2,-1,0.9999768137931824,100,65.0,1
1749651100000000000,AAPL,XNAS,1,1,0.9986774921417236,100,96.0,1
1749651100000000000,AAPL,XNAS,1,-1,0.9998840093612671,100,190.0,1
1749651100000000000,AAPL,XNAS,2,1,0.998445451259613,100,38.0,1
1749651100000000000,AAPL,XNAS,2,-1,0.9999303817749023,100,92.0,1
1749651101000000000,AAPL,XNAS,1,1,0.998445451259613,100,38.0,1
1749651101000000000,AAPL,XNAS,1,-1,0.9996055364608765,100,1.0,1
1749651101000000000,AAPL,XNAS,2,1,0.997702956199646,100,147.0,1
1749651101000000000,AAPL,XNAS,2,-1,0.9999768137931824,100,5.0,1
1749651103000000000,AAPL,XNAS,1,1,0.998445451259613,100,38.0,1
1749651103000000000,AAPL,XNAS,1,-1,0.9995591640472412,100,90.0,1
1749651103000000000,AAPL,XNAS,2,1,0.997702956199646,100,147.0,1
1749651103000000000,AAPL,XNAS,2,-1,0.9999768137931824,100,5.0,1
1749651104000000000,AAPL,XNAS,1,1,0.998445451259613,100,38.0,1
1749651104000000000,AAPL,XNAS,1,-1,0.9995591640472412,100,190.0,1
1749651104000000000,AAPL,XNAS,2,1,0.997702956199646,100,147.0,1
1749651104000000000,AAPL,XNAS,2,-1,0.9999303817749023,100,1.0,1
1749651105000000000,AAPL,XNAS,1,1,0.998445451259613,100,38.0,1
1749651105000000000,AAPL,XNAS,1,-1,0.9995591640472412,100,100.0,1
1749651105000000000,AAPL,XNAS,2,1,0.997702956199646,100,147.0,1
1749651105000000000,AAPL,XNAS,2,-1,1.0010905265808105,100,1.0,1
1749651106000000000,AAPL,XNAS,1,1,0.9985382556915283,100,90.0,1
1749651106000000000,AAPL,XNAS,1,-1,1.0007656812667847,100,90.0,1
1749651106000000000,AAPL,XNAS,2,1,0.998445451259613,100,38.0,1
1749651106000000000,AAPL,XNAS,2,-1,1.0011368989944458,100,100.0,1
1749651107000000000,AAPL,XNAS,1,1,0.9985382556915283,100,90.0,1
1749651107000000000,AAPL,XNAS,1,-1,1.0007656812667847,100,140.0,1
1749651107000000000,AAPL,XNAS,2,1,0.998445451259613,100,38.0,1
1749651107000000000,AAPL,XNAS,2,-1,1.0011368989944458,100,100.0,1
1749651109000000000,AAPL,XNAS,1,1,0.9985382556915283,100,90.0,1
1749651109000000000,AAPL,XNAS,1,-1,1.0007656812667847,100,231.0,1
1749651109000000000,AAPL,XNAS,2,1,0.998445451259613,100,38.0,1
1749651109000000000,AAPL,XNAS,2,-1,1.0011368989944458,100,100.0,1
1749651115000000000,AAPL,XNAS,1,1,0.9984918236732483,100,100.0,1
1749651115000000000,AAPL,XNAS,1,-1,1.0007656812667847,100,183.0,1
1749651115000000000,AAPL,XNAS,2,1,0.998445451259613,100,158.0,1
1749651115000000000,AAPL,XNAS,2,-1,1.0011368989944458,100,100.0,1
1749651118000000000,AAPL,XNAS,1,1,0.9995591640472412,100,3.0,1
1749651118000000000,AAPL,XNAS,1,-1,1.0007656812667847,100,232.0,1
1749651118000000000,AAPL,XNAS,2,1,0.998445451259613,100,158.0,1
1749651118000000000,AAPL,XNAS,2,-1,1.0011368989944458,100,100.0,1
1749651125000000000,AAPL,XNAS,1,1,0.9995591640472412,100,3.0,1
1749651125000000000,AAPL,XNAS,1,-1,1.0007656812667847,100,141.0,1
1749651125000000000,AAPL,XNAS,2,1,0.9984918236732483,100,200.0,1
1749651125000000000,AAPL,XNAS,2,-1,1.0010441541671753,100,1.0,1
1749651126000000000,AAPL,XNAS,1,1,0.9995591640472412,100,3.0,1
1749651126000000000,AAPL,XNAS,1,-1,1.0007656812667847,100,141.0,1
1749651126000000000,AAPL,XNAS,2,1,0.9984918236732483,100,100.0,1
1749651126000000000,AAPL,XNAS,2,-1,1.0008585453033447,100,1.0,1
1749651128000000000,AAPL,XNAS,1,1,0.9995591640472412,100,3.0,1
1749651128000000000,AAPL,XNAS,1,-1,1.0007656812667847,100,92.0,1
1749651128000000000,AAPL,XNAS,2,1,0.9984918236732483,100,100.0,1
1749651128000000000,AAPL,XNAS,2,-1,1.0008585453033447,100,1.0,1
1749651129000000000,AAPL,XNAS,1,1,0.9987702965736389,100,100.0,1
1749651129000000000,AAPL,XNAS,1,-1,1.0007193088531494,100,90.0,1
1749651129000000000,AAPL,XNAS,2,1,0.9987238645553589,100,90.0,1
1749651129000000000,AAPL,XNAS,2,-1,1.0009976625442505,100,1.0,1
1749651130000000000,AAPL,XNAS,1,1,0.9986774921417236,100,100.0,1
1749651130000000000,AAPL,XNAS,1,-1,1.0007193088531494,100,91.0,1
1749651130000000000,AAPL,XNAS,2,1,0.9986310601234436,100,90.0,1
1749651130000000000,AAPL,XNAS,2,-1,1.0011368989944458,100,100.0,1
1749651133000000000,AAPL,XNAS,1,1,0.9988631010055542,100,100.0,1
1749651133000000000,AAPL,XNAS,1,-1,1.0007193088531494,100,6.0,1
1749651133000000000,AAPL,XNAS,2,1,0.9988166689872742,100,90.0,1
1749651133000000000,AAPL,XNAS,2,-1,1.0011368989944458,100,100.0,1
1749651134000000000,AAPL,XNAS,1,1,0.9992807507514954,100,90.0,1
1749651134000000000,AAPL,XNAS,1,-1,1.0007193088531494,100,55.0,1
1749651134000000000,AAPL,XNAS,2,1,0.9984918236732483,100,100.0,1
1749651134000000000,AAPL,XNAS,2,-1,1.0011368989944458,100,100.0,1
1749651135000000000,AAPL,XNAS,1,1,0.9992807507514954,100,90.0,1
1749651135000000000,AAPL,XNAS,1,-1,1.0007193088531494,100,49.0,1
1749651135000000000,AAPL,XNAS,2,1,0.9984918236732483,100,100.0,1
1749651135000000000,AAPL,XNAS,2,-1,1.0011368989944458,100,100.0,1
1749651137000000000,AAPL,XNAS,1,1,0.9992807507514954,100,90.0,1
1749651137000000000,AAPL,XNAS,1,-1,1.0007193088531494,100,3.0,1
1749651137000000000,AAPL,XNAS,2,1,0.9986774921417236,100,220.0,1
1749651137000000000,AAPL,XNAS,2,-1,1.0011368989944458,100,100.0,1
1749651138000000000,AAPL,XNAS,1,1,0.9992807507514954,100,90.0,1
1749651138000000000,AAPL,XNAS,1,-1,1.0007193088531494,100,2.0,1
1749651138000000000,AAPL,XNAS,2,1,0.9986774921417236,100,120.0,1
1749651138000000000,AAPL,XNAS,2,-1,1.0011368989944458,100,100.0,1
1749651140000000000,AAPL,XNAS,1,1,0.9992807507514954,100,90.0,1
1749651140000000000,AAPL,XNAS,1,-1,1.0007193088531494,100,2.0,1
1749651140000000000,AAPL,XNAS,2,1,0.9986774921417236,100,120.0,1
1749651140000000000,AAPL,XNAS,2,-1,1.0011368989944458,100,181.0,1
1749651141000000000,AAPL,XNAS,1,1,0.9992807507514954,100,90.0,1
1749651141000000000,AAPL,XNAS,1,-1,1.0007193088531494,100,2.0,1
1749651141000000000,AAPL,XNAS,2,1,0.9986774921417236,100,120.0,1
1749651141000000000,AAPL,XNAS,2,-1,1.0011368989944458,100,181.0,1
1749651142000000000,AAPL,XNAS,1,1,0.9987238645553589,100,90.0,1
1749651142000000000,AAPL,XNAS,1,-1,1.000487208366394,100,139.0,1
1749651142000000000,AAPL,XNAS,2,1,0.9986774921417236,100,120.0,1
1749651142000000000,AAPL,XNAS,2,-1,1.0005336999893188,100,9.0,1
1749651143000000000,AAPL,XNAS,1,1,0.9987238645553589,100,90.0,1
1749651143000000000,AAPL,XNAS,1,-1,1.000487208366394,100,141.0,1
1749651143000000000,AAPL,XNAS,2,1,0.9986774921417236,100,120.0,1
1749651143000000000,AAPL,XNAS,2,-1,1.0005336999893188,100,9.0,1
1749651145000000000,AAPL,XNAS,1,1,0.9989094734191895,100,90.0,1
1749651145000000000,AAPL,XNAS,1,-1,1.000487208366394,100,102.0,1
1749651145000000000,AAPL,XNAS,2,1,0.9988631010055542,100,25.0,1
1749651145000000000,AAPL,XNAS,2,-1,1.0005336999893188,100,9.0,1
1749651147000000000,AAPL,XNAS,1,1,0.9989094734191895,100,90.0,1
1749651147000000000,AAPL,XNAS,1,-1,1.000487208366394,100,151.0,1
1749651147000000000,AAPL,XNAS,2,1,0.9988631010055542,100,125.0,1
1749651147000000000,AAPL,XNAS,2,-1,1.0005336999893188,100,9.0,1
1749651153000000000,AAPL,XNAS,1,1,0.9989094734191895,100,90.0,1
1749651153000000000,AAPL,XNAS,1,-1,1.000487208366394,100,151.0,1
1749651153000000000,AAPL,XNAS,2,1,0.9988631010055542,100,125.0,1
1749651153000000000,AAPL,XNAS,2,-1,1.0011368989944458,100,100.0,1
1749651154000000000,AAPL,XNAS,1,1,0.9989094734191895,100,90.0,1
1749651154000000000,AAPL,XNAS,1,-1,1.0004408359527588,100,49.0,1
1749651154000000000,AAPL,XNAS,2,1,0.9988631010055542,100,125.0,1
1749651154000000000,AAPL,XNAS,2,-1,1.000487208366394,100,102.0,1
1749651159000000000,AAPL,XNAS,1,1,0.997702956199646,100,147.0,1
1749651159000000000,AAPL,XNAS,1,-1,0.9986310601234436,100,322.0,2
1749651159000000000,AAPL,XNAS,2,1,0.9975173473358154,100,100.0,1
1749651159000000000,AAPL,XNAS,2,-1,0.9986774921417236,100,6.0,1
1749651160000000000,AAPL,XNAS,1,1,0.997702956199646,100,247.0,2
1749651160000000000,AAPL,XNAS,1,-1,0.9986310601234436,100,322.0,2
1749651160000000000,AAPL,XNAS,2,1,0.9975173473358154,100,100.0,1
1749651160000000000,AAPL,XNAS,2,-1,0.9986774921417236,100,6.0,1
1749651161000000000,AAPL,XNAS,1,1,0.997702956199646,100,247.0,2
1749651161000000000,AAPL,XNAS,1,-1,0.9986310601234436,100,324.0,2
1749651161000000000,AAPL,XNAS,2,1,0.9975173473358154,100,100.0,1
1749651161000000000,AAPL,XNAS,2,-1,0.9986774921417236,100,6.0,1
1749651162000000000,AAPL,XNAS,1,1,0.997702956199646,100,247.0,2
1749651162000000000,AAPL,XNAS,1,-1,0.9986310601234436,100,324.0,2
1749651162000000000,AAPL,XNAS,2,1,0.9975173473358154,100,100.0,1
1749651162000000000,AAPL,XNAS,2,-1,0.9986774921417236,100,6.0,1
1749651164000000000,AAPL,XNAS,1,1,0.997702956199646,100,147.0,1
1749651164000000000,AAPL,XNAS,1,-1,0.9986310601234436,100,324.0,2
1749651164000000000,AAPL,XNAS,2,1,0.9975173473358154,100,100.0,1
1749651164000000000,AAPL,XNAS,2,-1,0.9986774921417236,100,6.0,1
1749651167000000000,AAPL,XNAS,1,1,0.997702956199646,100,147.0,1
1749651167000000000,AAPL,XNAS,1,-1,0.9985846281051636,100,90.0,1
1749651167000000000,AAPL,XNAS,2,1,0.9975173473358154,100,100.0,1
1749651167000000000,AAPL,XNAS,2,-1,0.9986310601234436,100,275.0,2
1749651168000000000,AAPL,XNAS,1,1,0.997702956199646,100,147.0,1
1749651168000000000,AAPL,XNAS,1,-1,0.998445451259613,100,100.0,1
1749651168000000000,AAPL,XNAS,2,1,0.9975173473358154,100,100.0,1
1749651168000000000,AAPL,XNAS,2,-1,0.9984918236732483,100,90.0,1
1749651169000000000,AAPL,XNAS,1,1,0.997702956199646,100,147.0,1
1749651169000000000,AAPL,XNAS,1,-1,0.9985382556915283,100,100.0,1
1749651169000000000,AAPL,XNAS,2,1,0.9975173473358154,100,100.0,1
1749651169000000000,AAPL,XNAS,2,-1,0.9985846281051636,100,90.0,1
1749651170000000000,AAPL,XNAS,1,1,0.997702956199646,100,147.0,1
1749651170000000000,AAPL,XNAS,1,-1,0.9985382556915283,100,3.0,1
1749651170000000000,AAPL,XNAS,2,1,0.9975173473358154,100,100.0,1
1749651170000000000,AAPL,XNAS,2,-1,0.9986310601234436,100,275.0,2
1749651171000000000,AAPL,XNAS,1,1,0.997702956199646,100,147.0,1
1749651171000000000,AAPL,XNAS,1,-1,0.9986310601234436,100,275.0,2
1749651171000000000,AAPL,XNAS,2,1,0.9975173473358154,100,100.0,1
1749651171000000000,AAPL,XNAS,2,-1,0.9988166689872742,100,5.0,1
1749651172000000000,AAPL,XNAS,1,1,0.9975173473358154,100,7.0,1
1749651172000000000,AAPL,XNAS,1,-1,0.9984918236732483,100,139.0,1
1749651172000000000,AAPL,XNAS,2,1,0.9974709153175354,100,100.0,1
1749651172000000000,AAPL,XNAS,2,-1,0.9986310601234436,100,183.0,1
1749651173000000000,AAPL,XNAS,1,1,0.9979813694953918,100,113.0,1
1749651173000000000,AAPL,XNAS,1,-1,0.9986310601234436,100,183.0,1
1749651173000000000,AAPL,XNAS,2,1,0.9974709153175354,100,100.0,1
1749651173000000000,AAPL,XNAS,2,-1,0.9987238645553589,100,5.0,1
1749651178000000000,AAPL,XNAS,1,1,0.9979813694953918,100,113.0,1
1749651178000000000,AAPL,XNAS,1,-1,0.9986310601234436,100,183.0,1
1749651178000000000,AAPL,XNAS,2,1,0.9973781108856201,100,7.0,1
1749651178000000000,AAPL,XNAS,2,-1,0.9987238645553589,100,5.0,1
1749651180000000000,AAPL,XNAS,1,1,0.9979813694953918,100,116.0,1
1749651180000000000,AAPL,XNAS,1,-1,0.9986310601234436,100,183.0,1
1749651180000000000,AAPL,XNAS,2,1,0.9973781108856201,100,7.0,1
1749651180000000000,AAPL,XNAS,2,-1,0.9987238645553589,100,5.0,1
1749651183000000000,AAPL,XNAS,1,1,0.9982598423957825,100,213.0,1
1749651183000000000,AAPL,XNAS,1,-1,0.9996983408927917,100,90.0,1
1749651183000000000,AAPL,XNAS,2,1,0.9979813694953918,100,100.0,1
1749651183000000000,AAPL,XNAS,2,-1,1.0011368989944458,100,100.0,1
1749651184000000000,AAPL,XNAS,1,1,0.9982598423957825,100,213.0,1
1749651184000000000,AAPL,XNAS,1,-1,0.9996983408927917,100,182.0,1
1749651184000000000,AAPL,XNAS,2,1,0.9979813694953918,100,100.0,1
1749651184000000000,AAPL,XNAS,2,-1,1.0011368989944458,100,100.0,1
1749651186000000000,AAPL,XNAS,1,1,0.9982598423957825,100,13.0,1
1749651186000000000,AAPL,XNAS,1,-1,0.9996983408927917,100,182.0,1
1749651186000000000,AAPL,XNAS,2,1,0.9979813694953918,100,100.0,1
1749651186000000000,AAPL,XNAS,2,-1,1.0011368989944458,100,100.0,1
1749651187000000000,AAPL,XNAS,1,1,0.9982598423957825,100,13.0,1
1749651187000000000,AAPL,XNAS,1,-1,0.9996983408927917,100,182.0,1
1749651187000000000,AAPL,XNAS,2,1,0.9980278015136719,100,5.0,1
1749651187000000000,AAPL,XNAS,2,-1,1.0011368989944458,100,100.0,1
1749651190000000000,AAPL,XNAS,1,1,0.9982598423957825,100,13.0,1
1749651190000000000,AAPL,XNAS,1,-1,0.9996983408927917,100,182.0,1
1749651190000000000,AAPL,XNAS,2,1,0.9980278015136719,100,5.0,1
1749651190000000000,AAPL,XNAS,2,-1,1.0001623630523682,100,123.0,1
1749651194000000000,AAPL,XNAS,1,1,0.9980278015136719,100,5.0,1
1749651194000000000,AAPL,XNAS,1,-1,0.9998375773429871,100,100.0,1
1749651194000000000,AAPL,XNAS,2,1,0.9973781108856201,100,7.0,1
1749651194000000000,AAPL,XNAS,2,-1,0.9998840093612671,100,90.0,1
1749651196000000000,AAPL,XNAS,1,1,0.9980278015136719,100,105.0,1
1749651196000000000,AAPL,XNAS,1,-1,0.9996055364608765,100,90.0,1
1749651196000000000,AAPL,XNAS,2,1,0.9973781108856201,100,7.0,1
1749651196000000000,AAPL,XNAS,2,-1,1.0001623630523682,100,23.0,1
1749651197000000000,AAPL,XNAS,1,1,0.9980741739273071,100,123.0,1
1749651197000000000,AAPL,XNAS,1,-1,0.9996055364608765,100,90.0,1
1749651197000000000,AAPL,XNAS,2,1,0.9980278015136719,100,105.0,1
1749651197000000000,AAPL,XNAS,2,-1,1.0001623630523682,100,23.0,1
1749651198000000000,AAPL,XNAS,1,1,0.9980741739273071,100,123.0,1
1749651198000000000,AAPL,XNAS,1,-1,0.9996055364608765,100,90.0,1
1749651198000000000,AAPL,XNAS,2,1,0.9980278015136719,100,100.0,1
1749651198000000000,AAPL,XNAS,2,-1,1.0001623630523682,100,23.0,1
1749651200000000000,AAPL,XNAS,1,1,0.9980741739273071,100,100.0,1
1749651200000000000,AAPL,XNAS,1,-1,0.9996055364608765,100,90.0,1
1749651200000000000,AAPL,XNAS,2,1,0.9980278015136719,100,100.0,1
1749651200000000000,AAPL,XNAS,2,-1,1.0001623630523682,100,23.0,1
1749651207000000000,AAPL,XNAS,1,1,0.9973781108856201,100,7.0,1
1749651207000000000,AAPL,XNAS,1,-1,0.9979813694953918,100,1.0,1
1749651207000000000,AAPL,XNAS,2,1,0.9972389340400696,100,10.0,1
1749651207000000000,AAPL,XNAS,2,-1,1.0001623630523682,100,23.0,1
1749651208000000000,AAPL,XNAS,1,1,0.997006893157959,100,1.0,1
1749651208000000000,AAPL,XNAS,1,-1,0.9979813694953918,100,3.0,1
1749651208000000000,AAPL,XNAS,2,1,0.9967748522758484,100,28.0,1
1749651208000000000,AAPL,XNAS,2,-1,1.0001623630523682,100,23.0,1
1749651209000000000,AAPL,XNAS,1,1,0.997702956199646,100,200.0,1
1749651209000000000,AAPL,XNAS,1,-1,0.9997447729110718,100,100.0,1
1749651209000000000,AAPL,XNAS,2,1,0.997006893157959,100,1.0,1
1749651209000000000,AAPL,XNAS,2,-1,0.9997912049293518,100,90.0,1
1749651210000000000,AAPL,XNAS,1,1,0.997006893157959,100,1.0,1
1749651210000000000,AAPL,XNAS,1,-1,0.9982598423957825,100,100.0,1
1749651210000000000,AAPL,XNAS,2,1,0.9967748522758484,100,28.0,1
1749651210000000000,AAPL,XNAS,2,-1,0.9983062148094177,100,182.0,1
1749651211000000000,AAPL,XNAS,1,1,0.997006893157959,100,1.0,1
1749651211000000000,AAPL,XNAS,1,-1,0.9982134103775024,100,90.0,1
1749651211000000000,AAPL,XNAS,2,1,0.9967748522758484,100,28.0,1
1749651211000000000,AAPL,XNAS,2,-1,0.9983062148094177,100,92.0,1
1749651217000000000,AAPL,XNAS,1,1,0.997006893157959,100,1.0,1
1749651217000000000,AAPL,XNAS,1,-1,0.9982134103775024,100,90.0,1
1749651217000000000,AAPL,XNAS,2,1,0.9969140887260437,100,100.0,1
1749651217000000000,AAPL,XNAS,2,-1,0.9983062148094177,100,92.0,1
1749651219000000000,AAPL,XNAS,1,1,0.997006893157959,100,1.0,1
1749651219000000000,AAPL,XNAS,1,-1,0.9982134103775024,100,95.0,1
1749651219000000000,AAPL,XNAS,2,1,0.9969140887260437,100,100.0,1
1749651219000000000,AAPL,XNAS,2,-1,0.9983062148094177,100,92.0,1
1749651220000000000,AAPL,XNAS,1,1,0.9969140887260437,100,100.0,1
1749651220000000000,AAPL,XNAS,1,-1,0.9980278015136719,100,90.0,1
1749651220000000000,AAPL,XNAS,2,1,0.9967748522758484,100,28.0,1
1749651220000000000,AAPL,XNAS,2,-1,0.9981670379638672,100,100.0,1
1749651221000000000,AAPL,XNAS,1,1,0.9969140887260437,100,100.0,1
1749651221000000000,AAPL,XNAS,1,-1,0.9980278015136719,100,90.0,1
1749651221000000000,AAPL,XNAS,2,1,0.9967748522758484,100,28.0,1
1749651221000000000,AAPL,XNAS,2,-1,0.9981670379638672,100,105.0,1
1749651226000000000,AAPL,XNAS,1,1,0.9969140887260437,100,100.0,1
1749651226000000000,AAPL,XNAS,1,-1,0.9980278015136719,100,95.0,1
1749651226000000000,AAPL,XNAS,2,1,0.9967748522758484,100,28.0,1
1749651226000000000,AAPL,XNAS,2,-1,0.9981670379638672,100,100.0,1
1749651227000000000,AAPL,XNAS,1,1,0.9958931803703308,100,1.0,1
1749651227000000000,AAPL,XNAS,1,-1,0.9976101517677307,100,100.0,1
1749651227000000000,AAPL,XNAS,2,1,0.9958003759384155,100,1.0,1
1749651227000000000,AAPL,XNAS,2,-1,0.9976565837860107,100,90.0,1
1749651228000000000,AAPL,XNAS,1,1,0.9958931803703308,100,1.0,1
1749651228000000000,AAPL,XNAS,1,-1,0.9972389340400696,100,100.0,1
1749651228000000000,AAPL,XNAS,2,1,0.9958003759384155,100,1.0,1
1749651228000000000,AAPL,XNAS,2,-1,0.9972853064537048,100,90.0,1
1749651229000000000,AAPL,XNAS,1,1,0.9958931803703308,100,1.0,1
1749651229000000000,AAPL,XNAS,1,-1,0.9972389340400696,100,100.0,1
1749651229000000000,AAPL,XNAS,2,1,0.9958003759384155,100,1.0,1
1749651229000000000,AAPL,XNAS,2,-1,0.9973317384719849,100,5.0,1
1749651230000000000,AAPL,XNAS,1,1,0.9958931803703308,100,1.0,1
1749651230000000000,AAPL,XNAS,1,-1,0.9971925020217896,100,95.0,1
1749651230000000000,AAPL,XNAS,2,1,0.9958003759384155,100,1.0,1
1749651230000000000,AAPL,XNAS,2,-1,0.9972389340400696,100,100.0,1
1749651231000000000,AAPL,XNAS,1,1,0.9958931803703308,100,1.0,1
1749651231000000000,AAPL,XNAS,1,-1,0.9970996975898743,100,90.0,1
1749651231000000000,AAPL,XNAS,2,1,0.9958003759384155,100,1.0,1
1749651231000000000,AAPL,XNAS,2,-1,0.9971461296081543,100,100.0,1
1749651232000000000,AAPL,XNAS,1,1,0.9958931803703308,100,1.0,1
1749651232000000000,AAPL,XNAS,1,-1,0.9970996975898743,100,90.0,1
1749651232000000000,AAPL,XNAS,2,1,0.9958003759384155,100,1.0,1
1749651232000000000,AAPL,XNAS,2,-1,0.9971461296081543,100,105.0,1
1749651233000000000,AAPL,XNAS,1,1,0.9958931803703308,100,1.0,1
1749651233000000000,AAPL,XNAS,1,-1,0.9970996975898743,100,95.0,1
1749651233000000000,AAPL,XNAS,2,1,0.9958003759384155,100,1.0,1
1749651233000000000,AAPL,XNAS,2,-1,0.9971461296081543,100,100.0,1
1749651234000000000,AAPL,XNAS,1,1,0.9958931803703308,100,1.0,1
1749651234000000000,AAPL,XNAS,1,-1,0.996960461139679,100,5.0,1
1749651234000000000,AAPL,XNAS,2,1,0.9958003759384155,100,1.0,1
1749651234000000000,AAPL,XNAS,2,-1,0.9970996975898743,100,90.0,1
1749651235000000000,AAPL,XNAS,1,1,0.9958931803703308,100,1.0,1
1749651235000000000,AAPL,XNAS,1,-1,0.996960461139679,100,100.0,1
1749651235000000000,AAPL,XNAS,2,1,0.9958003759384155,100,1.0,1
1749651235000000000,AAPL,XNAS,2,-1,0.997006893157959,100,90.0,1
1749651236000000000,AAPL,XNAS,1,1,0.9958931803703308,100,1.0,1
1749651236000000000,AAPL,XNAS,1,-1,0.9967748522758484,100,100.0,1
1749651236000000000,AAPL,XNAS,2,1,0.9958003759384155,100,1.0,1
1749651236000000000,AAPL,XNAS,2,-1,0.9968212842941284,100,90.0,1
1749651237000000000,AAPL,XNAS,1,1,0.9958931803703308,100,1.0,1
1749651237000000000,AAPL,XNAS,1,-1,0.9967748522758484,100,5.0,1
1749651237000000000,AAPL,XNAS,2,1,0.9958003759384155,100,1.0,1
1749651237000000000,AAPL,XNAS,2,-1,0.9971461296081543,100,100.0,1
1749651238000000000,AAPL,XNAS,1,1,0.9958931803703308,100,1.0,1
1749651238000000000,AAPL,XNAS,1,-1,0.996960461139679,100,100.0,1
1749651238000000000,AAPL,XNAS,2,1,0.9958003759384155,100,1.0,1
1749651238000000000,AAPL,XNAS,2,-1,0.997006893157959,100,90.0,1
1749651239000000000,AAPL,XNAS,1,1,0.9958931803703308,100,1.0,1
1749651239000000000,AAPL,XNAS,1,-1,0.9968676567077637,100,100.0,1
1749651239000000000,AAPL,XNAS,2,1,0.9958003759384155,100,1.0,1
1749651239000000000,AAPL,XNAS,2,-1,0.9969140887260437,100,90.0,1
1749651240000000000,AAPL,XNAS,1,1,0.9958931803703308,100,1.0,1
1749651240000000000,AAPL,XNAS,1,-1,0.9968676567077637,100,5.0,1
1749651240000000000,AAPL,XNAS,2,1,0.9958003759384155,100,1.0,1
1749651240000000000,AAPL,XNAS,2,-1,0.9970996975898743,100,90.0,1
1749651241000000000,AAPL,XNAS,1,1,0.9958931803703308,100,1.0,1
1749651241000000000,AAPL,XNAS,1,-1,0.996960461139679,100,100.0,1
1749651241000000000,AAPL,XNAS,2,1,0.9958003759384155,100,1.0,1
1749651241000000000,AAPL,XNAS,2,-1,0.997006893157959,100,90.0,1
1749651242000000000,AAPL,XNAS,1,1,0.9958931803703308,100,1.0,1
1749651242000000000,AAPL,XNAS,1,-1,0.9968676567077637,100,193.0,1
1749651242000000000,AAPL,XNAS,2,1,0.9958003759384155,100,1.0,1
1749651242000000000,AAPL,XNAS,2,-1,0.9969140887260437,100,183.0,1
1749651243000000000,AAPL,XNAS,1,1,0.9958931803703308,100,1.0,1
1749651243000000000,AAPL,XNAS,1,-1,0.9967284798622131,100,90.0,1
1749651243000000000,AAPL,XNAS,2,1,0.9958003759384155,100,1.0,1
1749651243000000000,AAPL,XNAS,2,-1,0.9968676567077637,100,93.0,1
1749651244000000000,AAPL,XNAS,1,1,0.9959395527839661,100,258.0,2
1749651244000000000,AAPL,XNAS,1,-1,0.9977957606315613,100,100.0,1
1749651244000000000,AAPL,XNAS,2,1,0.9958931803703308,100,100.0,1
1749651244000000000,AAPL,XNAS,2,-1,0.9981670379638672,100,100.0,1
1749651245000000000,AAPL,XNAS,1,1,0.9959395527839661,100,58.0,1
1749651245000000000,AAPL,XNAS,1,-1,0.9971461296081543,100,183.0,1
1749651245000000000,AAPL,XNAS,2,1,0.9958931803703308,100,100.0,1
1749651245000000000,AAPL,XNAS,2,-1,0.9971925020217896,100,5.0,1
1749651246000000000,AAPL,XNAS,1,1,0.9959395527839661,100,58.0,1
1749651246000000000,AAPL,XNAS,1,-1,0.9971461296081543,100,188.0,1
1749651246000000000,AAPL,XNAS,2,1,0.9958003759384155,100,1.0,1
1749651246000000000,AAPL,XNAS,2,-1,0.9977957606315613,100,100.0,1
1749651247000000000,AAPL,XNAS,1,1,0.9959859848022461,100,148.0,1
1749651247000000000,AAPL,XNAS,1,-1,0.9971461296081543,100,5.0,1
1749651247000000000,AAPL,XNAS,2,1,0.9958003759384155,100,1.0,1
1749651247000000000,AAPL,XNAS,2,-1,0.9977957606315613,100,100.0,1
1749651248000000000,AAPL,XNAS,1,1,0.9959859848022461,100,148.0,1
1749651248000000000,AAPL,XNAS,1,-1,0.9977957606315613,100,100.0,1
1749651248000000000,AAPL,XNAS,2,1,0.9958003759384155,100,1.0,1
1749651248000000000,AAPL,XNAS,2,-1,0.9981670379638672,100,100.0,1
1749651251000000000,AAPL,XNAS,1,1,0.9963572025299072,100,158.0,1
1749651251000000000,AAPL,XNAS,1,-1,0.9977957606315613,100,100.0,1
1749651251000000000,AAPL,XNAS,2,1,0.9958003759384155,100,1.0,1
1749651251000000000,AAPL,XNAS,2,-1,0.9981670379638672,100,100.0,1
1749651252000000000,AAPL,XNAS,1,1,0.9963572025299072,100,258.0,2
1749651252000000000,AAPL,XNAS,1,-1,0.9971925020217896,100,93.0,1
1749651252000000000,AAPL,XNAS,2,1,0.9958003759384155,100,1.0,1
1749651252000000000,AAPL,XNAS,2,-1,0.9977957606315613,100,100.0,1
1749651261000000000,AAPL,XNAS,1,1,0.9963572025299072,100,200.0,1
1749651261000000000,AAPL,XNAS,1,-1,0.9971461296081543,100,90.0,1
1749651261000000000,AAPL,XNAS,2,1,0.9958003759384155,100,1.0,1
1749651261000000000,AAPL,XNAS,2,-1,0.9971925020217896,100,93.0,1
1749651262000000000,AAPL,XNAS,1,1,0.9964036345481873,100,90.0,1
1749651262000000000,AAPL,XNAS,1,-1,0.9977957606315613,100,90.0,1
1749651262000000000,AAPL,XNAS,2,1,0.9963572025299072,100,300.0,2
1749651262000000000,AAPL,XNAS,2,-1,0.9981670379638672,100,100.0,1
1749651264000000000,AAPL,XNAS,1,1,0.9958003759384155,100,1.0,1
1749651264000000000,AAPL,XNAS,1,-1,0.9969140887260437,100,90.0,1
1749651264000000000,AAPL,XNAS,2,1,0.9957075715065002,100,13.0,1
1749651264000000000,AAPL,XNAS,2,-1,0.9972853064537048,100,193.0,1
1749651265000000000,AAPL,XNAS,1,1,0.9958003759384155,100,1.0,1
1749651265000000000,AAPL,XNAS,1,-1,0.9968212842941284,100,90.0,1
1749651265000000000,AAPL,XNAS,2,1,0.9957075715065002,100,13.0,1
1749651265000000000,AAPL,XNAS,2,-1,0.9968676567077637,100,100.0,1
1749651267000000000,AAPL,XNAS,1,1,0.9949650764465332,99,9.0,1
1749651267000000000,AAPL,XNAS,1,-1,0.9962643980979919,100,90.0,1
1749651267000000000,AAPL,XNAS,2,1,0.9932945370674133,99,25.0,1
1749651267000000000,AAPL,XNAS,2,-1,0.9968676567077637,100,124.0,1
1749651268000000000,AAPL,XNAS,1,1,0.9949650764465332,99,9.0,1
1749651268000000000,AAPL,XNAS,1,-1,0.9962643980979919,100,90.0,1
1749651268000000000,AAPL,XNAS,2,1,0.9932945370674133,99,25.0,1
1749651268000000000,AAPL,XNAS,2,-1,0.9964500069618225,100,1.0,1
1749651269000000000,AAPL,XNAS,1,1,0.9949650764465332,99,9.0,1
1749651269000000000,AAPL,XNAS,1,-1,0.9962643980979919,100,90.0,1
1749651269000000000,AAPL,XNAS,2,1,0.9932945370674133,99,25.0,1
1749651269000000000,AAPL,XNAS,2,-1,0.9964036345481873,100,1.0,1
1749651270000000000,AAPL,XNAS,1,1,0.9949650764465332,99,9.0,1
1749651270000000000,AAPL,XNAS,1,-1,0.9962643980979919,100,91.0,1
1749651270000000000,AAPL,XNAS,2,1,0.9932945370674133,99,25.0,1
1749651270000000000,AAPL,XNAS,2,-1,0.9968676567077637,100,124.0,1
1749651273000000000,AAPL,XNAS,1,1,0.9949650764465332,99,9.0,1
1749651273000000000,AAPL,XNAS,1,-1,0.9961715936660767,100,90.0,1
1749651273000000000,AAPL,XNAS,2,1,0.9932945370674133,99,25.0,1
1749651273000000000,AAPL,XNAS,2,-1,0.9962180256843567,100,100.0,1
1749651274000000000,AAPL,XNAS,1,1,0.9953362941741943,100,95.0,1
1749651274000000000,AAPL,XNAS,1,-1,0.9968212842941284,100,90.0,1
1749651274000000000,AAPL,XNAS,2,1,0.9950578808784485,100,200.0,1
1749651274000000000,AAPL,XNAS,2,-1,0.9981670379638672,100,100.0,1
1749651275000000000,AAPL,XNAS,1,1,0.9953362941741943,100,95.0,1
1749651275000000000,AAPL,XNAS,1,-1,0.9968212842941284,100,90.0,1
1749651275000000000,AAPL,XNAS,2,1,0.9949650764465332,99,100.0,1
1749651275000000000,AAPL,XNAS,2,-1,0.9981670379638672,100,200.0,1
1749651285000000000,AAPL,XNAS,1,1,0.9953362941741943,100,95.0,1
1749651285000000000,AAPL,XNAS,1,-1,0.9968212842941284,100,90.0,1
1749651285000000000,AAPL,XNAS,2,1,0.9949650764465332,99,300.0,2
1749651285000000000,AAPL,XNAS,2,-1,0.9969140887260437,100,4.0,1
1749651286000000000,AAPL,XNAS,1,1,0.9953362941741943,100,95.0,1
1749651286000000000,AAPL,XNAS,1,-1,0.9968212842941284,100,90.0,1
1749651286000000000,AAPL,XNAS,2,1,0.9949650764465332,99,200.0,1
1749651286000000000,AAPL,XNAS,2,-1,0.9968676567077637,100,4.0,1
1749651287000000000,AAPL,XNAS,1,1,0.9953362941741943,100,95.0,1
1749651287000000000,AAPL,XNAS,1,-1,0.9968212842941284,100,94.0,1
1749651287000000000,AAPL,XNAS,2,1,0.9949650764465332,99,200.0,1
1749651287000000000,AAPL,XNAS,2,-1,0.9981670379638672,100,200.0,1
1749651289000000000,AAPL,XNAS,1,1,0.9953362941741943,100,95.0,1
1749651289000000000,AAPL,XNAS,1,-1,0.9968212842941284,100,94.0,1
1749651289000000000,AAPL,XNAS,2,1,0.9949650764465332,99,200.0,1
1749651289000000000,AAPL,XNAS,2,-1,0.9974245429039001,100,241.0,2
1749651292000000000,AAPL,XNAS,1,1,0.9953362941741943,100,95.0,1
1749651292000000000,AAPL,XNAS,1,-1,0.9968212842941284,100,96.0,1
1749651292000000000,AAPL,XNAS,2,1,0.9949650764465332,99,200.0,1
1749651292000000000,AAPL,XNAS,2,-1,0.9974245429039001,100,141.0,1
1749651294000000000,AAPL,XNAS,1,1,0.9953362941741943,100,95.0,1
1749651294000000000,AAPL,XNAS,1,-1,0.9973781108856201,100,90.0,1
1749651294000000000,AAPL,XNAS,2,1,0.9950578808784485,100,200.0,1
1749651294000000000,AAPL,XNAS,2,-1,0.9974245429039001,100,41.0,1
1749651295000000000,AAPL,XNAS,1,1,0.9953362941741943,100,95.0,1
1749651295000000000,AAPL,XNAS,1,-1,0.9973781108856201,100,90.0,1
1749651295000000000,AAPL,XNAS,2,1,0.9950578808784485,100,200.0,1
1749651295000000000,AAPL,XNAS,2,-1,0.9974245429039001,100,45.0,1
1749651303000000000,AAPL,XNAS,1,1,0.9954290986061096,100,90.0,1
1749651303000000000,AAPL,XNAS,1,-1,0.9973781108856201,100,90.0,1
1749651303000000000,AAPL,XNAS,2,1,0.9953827261924744,100,116.0,1
1749651303000000000,AAPL,XNAS,2,-1,0.9974245429039001,100,45.0,1
1749651311000000000,AAPL,XNAS,1,1,0.9965428709983826,100,190.0,1
1749651311000000000,AAPL,XNAS,1,-1,0.9981206059455872,100,100.0,1
1749651311000000000,AAPL,XNAS,2,1,0.9959859848022461,100,153.0,1
1749651311000000000,AAPL,XNAS,2,-1,0.9991415143013,100,100.0,1
1749651312000000000,AAPL,XNAS,1,1,0.9966356754302979,100,90.0,1
1749651312000000000,AAPL,XNAS,1,-1,0.9981206059455872,100,10.0,1
1749651312000000000,AAPL,XNAS,2,1,0.9960324168205261,100,9.0,1
1749651312000000000,AAPL,XNAS,2,-1,0.9991415143013,100,100.0,1
1749651313000000000,AAPL,XNAS,1,1,0.9966356754302979,100,90.0,1
1749651313000000000,AAPL,XNAS,1,-1,0.9981206059455872,100,10.0,1
1749651313000000000,AAPL,XNAS,2,1,0.9960324168205261,100,9.0,1
1749651313000000000,AAPL,XNAS,2,-1,0.9991415143013,100,302.0,2
1749651314000000000,AAPL,XNAS,1,1,0.9966356754302979,100,90.0,1
1749651314000000000,AAPL,XNAS,1,-1,0.9980741739273071,100,92.0,1
1749651314000000000,AAPL,XNAS,2,1,0.9960324168205261,100,9.0,1
1749651314000000000,AAPL,XNAS,2,-1,0.9981206059455872,100,10.0,1
1749651325000000000,AAPL,XNAS,1,1,0.9966356754302979,100,90.0,1
1749651325000000000,AAPL,XNAS,1,-1,0.9980741739273071,100,90.0,1
1749651325000000000,AAPL,XNAS,2,1,0.9960324168205261,100,9.0,1
1749651325000000000,AAPL,XNAS,2,-1,0.9981206059455872,100,10.0,1
1749651326000000000,AAPL,XNAS,1,1,0.9966356754302979,100,90.0,1
1749651326000000000,AAPL,XNAS,1,-1,0.9980741739273071,100,90.0,1
1749651326000000000,AAPL,XNAS,2,1,0.9960324168205261,100,9.0,1
1749651326000000000,AAPL,XNAS,2,-1,0.9981206059455872,100,10.0,1
1749651327000000000,AAPL,XNAS,1,1,0.996960461139679,100,9.0,1
1749651327000000000,AAPL,XNAS,1,-1,0.9981206059455872,100,10.0,1
1749651327000000000,AAPL,XNAS,2,1,0.9969140887260437,100,90.0,1
1749651327000000000,AAPL,XNAS,2,-1,0.9981670379638672,100,2.0,1
1749651328000000000,AAPL,XNAS,1,1,0.9970996975898743,100,90.0,1
1749651328000000000,AAPL,XNAS,1,-1,0.9988631010055542,100,2.0,1
1749651328000000000,AAPL,XNAS,2,1,0.9960324168205261,100,9.0,1
1749651328000000000,AAPL,XNAS,2,-1,0.9990487098693848,100,110.0,1
1749651330000000000,AAPL,XNAS,1,1,0.9970996975898743,100,90.0,1
1749651330000000000,AAPL,XNAS,1,-1,0.9988631010055542,100,2.0,1
1749651330000000000,AAPL,XNAS,2,1,0.9960324168205261,100,217.0,1
1749651330000000000,AAPL,XNAS,2,-1,0.9990487098693848,100,110.0,1
1749651331000000000,AAPL,XNAS,1,1,0.9970996975898743,100,90.0,1
1749651331000000000,AAPL,XNAS,1,-1,0.9988631010055542,100,4.0,1
