ts_ns,symbol,venue,level,side,price,price_ticks,size,num_orders
1749045600000000000,AAPL,XNAS,1,1,0.9959166646003723,100,202.0,1
1749045600000000000,AAPL,XNAS,1,-1,0.9976223707199097,100,1.0,1
1749045600000000000,AAPL,XNAS,2,1,0.995864987373352,100,2.0,1
1749045600000000000,AAPL,XNAS,2,-1,0.9976740479469299,100,65.0,1
1749045602000000000,AAPL,XNAS,1,1,0.9959166646003723,100,202.0,1
1749045602000000000,AAPL,XNAS,1,-1,0.9976223707199097,100,101.0,1
1749045602000000000,AAPL,XNAS,2,1,0.995864987373352,100,2.0,1
1749045602000000000,AAPL,XNAS,2,-1,0.9976740479469299,100,65.0,1
1749045613000000000,AAPL,XNAS,1,1,0.9942626953125,99,100.0,1
1749045613000000000,AAPL,XNAS,1,-1,0.9966920018196106,100,100.0,1
1749045613000000000,AAPL,XNAS,2,1,0.9936941266059875,99,52.0,1
1749045613000000000,AAPL,XNAS,2,-1,0.9967436790466309,100,200.0,1
1749045614000000000,AAPL,XNAS,1,1,0.9942626953125,99,100.0,1
1749045614000000000,AAPL,XNAS,1,-1,0.9966920018196106,100,100.0,1
1749045614000000000,AAPL,XNAS,2,1,0.9936941266059875,99,52.0,1
1749045614000000000,AAPL,XNAS,2,-1,0.9976223707199097,100,100.0,1
1749045618000000000,AAPL,XNAS,1,1,0.9942626953125,99,200.0,1
1749045618000000000,AAPL,XNAS,1,-1,0.9966403245925903,100,1.0,1
1749045618000000000,AAPL,XNAS,2,1,0.9936941266059875,99,52.0,1
1749045618000000000,AAPL,XNAS,2,-1,0.9966920018196106,100,100.0,1
1749045620000000000,AAPL,XNAS,1,1,0.9942626953125,99,200.0,1
1749045620000000000,AAPL,XNAS,1,-1,0.9966403245925903,100,1.0,1
1749045620000000000,AAPL,XNAS,2,1,0.9936941266059875,99,52.0,1
1749045620000000000,AAPL,XNAS,2,-1,0.9967436790466309,100,115.0,1
1749045622000000000,AAPL,XNAS,1,1,0.9942626953125,99,200.0,1
1749045622000000000,AAPL,XNAS,1,-1,0.9966403245925903,100,101.0,1
1749045622000000000,AAPL,XNAS,2,1,0.9936941266059875,99,52.0,1
1749045622000000000,AAPL,XNAS,2,-1,0.9967436790466309,100,115.0,1
1749045625000000000,AAPL,XNAS,1,1,0.9942626953125,99,200.0,1
1749045625000000000,AAPL,XNAS,1,-1,0.9966403245925903,100,201.0,1
1749045625000000000,AAPL,XNAS,2,1,0.9936941266059875,99,52.0,1
1749045625000000000,AAPL,XNAS,2,-1,0.9967436790466309,100,115.0,1
1749045626000000000,AAPL,XNAS,1,1,0.9942626953125,99,200.0,1
1749045626000000000,AAPL,XNAS,1,-1,0.9966403245925903,100,207.0,1
1749045626000000000,AAPL,XNAS,2,1,0.9936941266059875,99,52.0,1
1749045626000000000,AAPL,XNAS,2,-1,0.9967436790466309,100,115.0,1
1749045630000000000,AAPL,XNAS,1,1,0.9942626953125,99,240.0,2
1749045630000000000,AAPL,XNAS,1,-1,0.9965886473655701,100,1.0,1
1749045630000000000,AAPL,XNAS,2,1,0.9936941266059875,99,52.0,1
1749045630000000000,AAPL,XNAS,2,-1,0.9966403245925903,100,106.0,1
1749045635000000000,AAPL,XNAS,1,1,0.9930222034454346,99,1.0,1
1749045635000000000,AAPL,XNAS,1,-1,0.9954515099525452,100,1.0,1
1749045635000000000,AAPL,XNAS,2,1,0.9925569891929626,99,2.0,1
1749045635000000000,AAPL,XNAS,2,-1,0.9957099556922913,100,100.0,1
1749045636000000000,AAPL,XNAS,1,1,0.9930222034454346,99,1.0,1
1749045636000000000,AAPL,XNAS,1,-1,0.9953480958938599,100,1.0,1
1749045636000000000,AAPL,XNAS,2,1,0.9925569891929626,99,2.0,1
1749045636000000000,AAPL,XNAS,2,-1,0.9953998327255249,100,101.0,1
1749045637000000000,AAPL,XNAS,1,1,0.9930222034454346,99,3.0,1
1749045637000000000,AAPL,XNAS,1,-1,0.9953480958938599,100,102.0,1
1749045637000000000,AAPL,XNAS,2,1,0.9925569891929626,99,2.0,1
1749045637000000000,AAPL,XNAS,2,-1,0.9954515099525452,100,8.0,1
1749045645000000000,AAPL,XNAS,1,1,0.9930222034454346,99,3.0,1
1749045645000000000,AAPL,XNAS,1,-1,0.9951930642127991,100,300.0,2
1749045645000000000,AAPL,XNAS,2,1,0.9925569891929626,99,2.0,1
1749045645000000000,AAPL,XNAS,2,-1,0.9952964186668396,100,100.0,1
1749045650000000000,AAPL,XNAS,1,1,0.9934356808662415,99,20.0,1
1749045650000000000,AAPL,XNAS,1,-1,0.9951930642127991,100,100.0,1
1749045650000000000,AAPL,XNAS,2,1,0.9930222034454346,99,1.0,1
1749045650000000000,AAPL,XNAS,2,-1,0.9952964186668396,100,100.0,1
1749045652000000000,AAPL,XNAS,1,1,0.9930222034454346,99,1.0,1
1749045652000000000,AAPL,XNAS,1,-1,0.9952447414398193,100,190.0,1
1749045652000000000,AAPL,XNAS,2,1,0.9925569891929626,99,2.0,1
1749045652000000000,AAPL,XNAS,2,-1,0.9952964186668396,100,200.0,1
1749045653000000000,AAPL,XNAS,1,1,0.9930222034454346,99,3.0,1
1749045653000000000,AAPL,XNAS,1,-1,0.9952447414398193,100,290.0,2
1749045653000000000,AAPL,XNAS,2,1,0.9925569891929626,99,2.0,1
1749045653000000000,AAPL,XNAS,2,-1,0.9952964186668396,100,100.0,1
1749045654000000000,AAPL,XNAS,1,1,0.9930222034454346,99,3.0,1
1749045654000000000,AAPL,XNAS,1,-1,0.9952447414398193,100,290.0,2
1749045654000000000,AAPL,XNAS,2,1,0.9925569891929626,99,2.0,1
1749045654000000000,AAPL,XNAS,2,-1,0.9952964186668396,100,200.0,1
1749045656000000000,AAPL,XNAS,1,1,0.9943660497665405,99,100.0,1
1749045656000000000,AAPL,XNAS,1,-1,0.9953480958938599,100,61.0,1
1749045656000000000,AAPL,XNAS,2,1,0.9941076040267944,99,20.0,1
1749045656000000000,AAPL,XNAS,2,-1,0.9954515099525452,100,8.0,1
1749045657000000000,AAPL,XNAS,1,1,0.9943660497665405,99,97.0,1
1749045657000000000,AAPL,XNAS,1,-1,0.9953480958938599,100,61.0,1
1749045657000000000,AAPL,XNAS,2,1,0.9930222034454346,99,1.0,1
1749045657000000000,AAPL,XNAS,2,-1,0.9954515099525452,100,8.0,1
1749045658000000000,AAPL,XNAS,1,1,0.9943660497665405,99,97.0,1
1749045658000000000,AAPL,XNAS,1,-1,0.9952964186668396,100,61.0,1
1749045658000000000,AAPL,XNAS,2,1,0.9930222034454346,99,1.0,1
1749045658000000000,AAPL,XNAS,2,-1,0.9954515099525452,100,8.0,1
1749045665000000000,AAPL,XNAS,1,1,0.9943660497665405,99,47.0,1
1749045665000000000,AAPL,XNAS,1,-1,0.9951930642127991,100,31.0,1
1749045665000000000,AAPL,XNAS,2,1,0.9930222034454346,99,1.0,1
1749045665000000000,AAPL,XNAS,2,-1,0.9954515099525452,100,8.0,1
1749045686000000000,AAPL,XNAS,1,1,0.9943660497665405,99,47.0,1
1749045686000000000,AAPL,XNAS,1,-1,0.9951930642127991,100,37.0,1
1749045686000000000,AAPL,XNAS,2,1,0.9930222034454346,99,101.0,1
1749045686000000000,AAPL,XNAS,2,-1,0.9954515099525452,100,8.0,1
1749045687000000000,AAPL,XNAS,1,1,0.9931255578994751,99,447.0,3
1749045687000000000,AAPL,XNAS,1,-1,0.9951930642127991,100,17.0,1
1749045687000000000,AAPL,XNAS,2,1,0.9930738806724548,99,125.0,1
1749045687000000000,AAPL,XNAS,2,-1,0.9954515099525452,100,8.0,1
1749045688000000000,AAPL,XNAS,1,1,0.9931255578994751,99,448.0,3
1749045688000000000,AAPL,XNAS,1,-1,0.9951930642127991,100,11.0,1
1749045688000000000,AAPL,XNAS,2,1,0.9930738806724548,99,125.0,1
1749045688000000000,AAPL,XNAS,2,-1,0.9954515099525452,100,8.0,1
1749045689000000000,AAPL,XNAS,1,1,0.9932805895805359,99,452.0,3
1749045689000000000,AAPL,XNAS,1,-1,0.9951930642127991,100,11.0,1
1749045689000000000,AAPL,XNAS,2,1,0.9932289123535156,99,133.0,1
1749045689000000000,AAPL,XNAS,2,-1,0.9954515099525452,100,8.0,1
1749045690000000000,AAPL,XNAS,1,1,0.9932805895805359,99,453.0,3
1749045690000000000,AAPL,XNAS,1,-1,0.9951930642127991,100,11.0,1
1749045690000000000,AAPL,XNAS,2,1,0.9932289123535156,99,133.0,1
1749045690000000000,AAPL,XNAS,2,-1,0.9954515099525452,100,8.0,1
1749045692000000000,AAPL,XNAS,1,1,0.9932805895805359,99,353.0,2
1749045692000000000,AAPL,XNAS,1,-1,0.9954515099525452,100,8.0,1
1749045692000000000,AAPL,XNAS,2,1,0.9932289123535156,99,133.0,1
1749045692000000000,AAPL,XNAS,2,-1,0.9955031871795654,100,7.0,1
1749045699000000000,AAPL,XNAS,1,1,0.9933840036392212,99,200.0,1
1749045699000000000,AAPL,XNAS,1,-1,0.9954515099525452,100,8.0,1
1749045699000000000,AAPL,XNAS,2,1,0.9933323264122009,99,252.0,2
1749045699000000000,AAPL,XNAS,2,-1,0.9955031871795654,100,7.0,1
1749045700000000000,AAPL,XNAS,1,1,0.9937974810600281,99,100.0,1
1749045700000000000,AAPL,XNAS,1,-1,0.9954515099525452,100,8.0,1
1749045700000000000,AAPL,XNAS,2,1,0.9936424493789673,99,100.0,1
1749045700000000000,AAPL,XNAS,2,-1,0.9955031871795654,100,7.0,1
1749045701000000000,AAPL,XNAS,1,1,0.9939008355140686,99,200.0,1
1749045701000000000,AAPL,XNAS,1,-1,0.9954515099525452,100,8.0,1
1749045701000000000,AAPL,XNAS,2,1,0.9937974810600281,99,5.0,1
1749045701000000000,AAPL,XNAS,2,-1,0.9955031871795654,100,7.0,1
1749045702000000000,AAPL,XNAS,1,1,0.9939008355140686,99,201.0,1
1749045702000000000,AAPL,XNAS,1,-1,0.9954515099525452,100,8.0,1
1749045702000000000,AAPL,XNAS,2,1,0.9937974810600281,99,4.0,1
1749045702000000000,AAPL,XNAS,2,-1,0.9955031871795654,100,7.0,1
1749045705000000000,AAPL,XNAS,1,1,0.9939008355140686,99,301.0,2
1749045705000000000,AAPL,XNAS,1,-1,0.9954515099525452,100,8.0,1
1749045705000000000,AAPL,XNAS,2,1,0.9937974810600281,99,4.0,1
1749045705000000000,AAPL,XNAS,2,-1,0.9955031871795654,100,7.0,1
1749045709000000000,AAPL,XNAS,1,1,0.9939008355140686,99,401.0,3
1749045709000000000,AAPL,XNAS,1,-1,0.9954515099525452,100,8.0,1
1749045709000000000,AAPL,XNAS,2,1,0.9937974810600281,99,4.0,1
1749045709000000000,AAPL,XNAS,2,-1,0.9955031871795654,100,7.0,1
1749045713000000000,AAPL,XNAS,1,1,0.9939008355140686,99,200.0,1
1749045713000000000,AAPL,XNAS,1,-1,0.9954515099525452,100,8.0,1
1749045713000000000,AAPL,XNAS,2,1,0.9933323264122009,99,52.0,1
1749045713000000000,AAPL,XNAS,2,-1,0.9955031871795654,100,7.0,1
1749045714000000000,AAPL,XNAS,1,1,0.9939525723457336,99,100.0,1
1749045714000000000,AAPL,XNAS,1,-1,0.9954515099525452,100,8.0,1
1749045714000000000,AAPL,XNAS,2,1,0.9939008355140686,99,100.0,1
1749045714000000000,AAPL,XNAS,2,-1,0.9955031871795654,100,7.0,1
1749045715000000000,AAPL,XNAS,1,1,0.9940042495727539,99,200.0,1
1749045715000000000,AAPL,XNAS,1,-1,0.9954515099525452,100,8.0,1
1749045715000000000,AAPL,XNAS,2,1,0.9939525723457336,99,101.0,1
1749045715000000000,AAPL,XNAS,2,-1,0.9955031871795654,100,7.0,1
1749045717000000000,AAPL,XNAS,1,1,0.9940042495727539,99,200.0,1
1749045717000000000,AAPL,XNAS,1,-1,0.9954515099525452,100,19.0,1
1749045717000000000,AAPL,XNAS,2,1,0.9939525723457336,99,101.0,1
1749045717000000000,AAPL,XNAS,2,-1,0.9955031871795654,100,7.0,1
1749045720000000000,AAPL,XNAS,1,1,0.9934356808662415,99,77.0,1
1749045720000000000,AAPL,XNAS,1,-1,0.9954515099525452,100,19.0,1
1749045720000000000,AAPL,XNAS,2,1,0.9930222034454346,99,1.0,1
1749045720000000000,AAPL,XNAS,2,-1,0.9955031871795654,100,7.0,1
1749045721000000000,AAPL,XNAS,1,1,0.9936941266059875,99,200.0,1
1749045721000000000,AAPL,XNAS,1,-1,0.9954515099525452,100,19.0,1
1749045721000000000,AAPL,XNAS,2,1,0.9936424493789673,99,152.0,1
1749045721000000000,AAPL,XNAS,2,-1,0.9955031871795654,100,7.0,1
1749045722000000000,AAPL,XNAS,1,1,0.993539035320282,99,62.0,1
1749045722000000000,AAPL,XNAS,1,-1,0.9954515099525452,100,19.0,1
1749045722000000000,AAPL,XNAS,2,1,0.9934356808662415,99,77.0,1
1749045722000000000,AAPL,XNAS,2,-1,0.9955031871795654,100,7.0,1
1749045727000000000,AAPL,XNAS,1,1,0.9936941266059875,99,152.0,1
1749045727000000000,AAPL,XNAS,1,-1,0.9954515099525452,100,8.0,1
1749045727000000000,AAPL,XNAS,2,1,0.9936424493789673,99,52.0,1
1749045727000000000,AAPL,XNAS,2,-1,0.9955031871795654,100,7.0,1
1749045731000000000,AAPL,XNAS,1,1,0.9939008355140686,99,100.0,1
1749045731000000000,AAPL,XNAS,1,-1,0.9954515099525452,100,8.0,1
1749045731000000000,AAPL,XNAS,2,1,0.9937974810600281,99,37.0,1
1749045731000000000,AAPL,XNAS,2,-1,0.9955031871795654,100,7.0,1
1749045732000000000,AAPL,XNAS,1,1,0.9939008355140686,99,100.0,1
1749045732000000000,AAPL,XNAS,1,-1,0.9954515099525452,100,8.0,1
1749045732000000000,AAPL,XNAS,2,1,0.9937974810600281,99,37.0,1
1749045732000000000,AAPL,XNAS,2,-1,0.9955031871795654,100,7.0,1
1749045734000000000,AAPL,XNAS,1,1,0.9939008355140686,99,100.0,1
1749045734000000000,AAPL,XNAS,1,-1,0.9954515099525452,100,8.0,1
1749045734000000000,AAPL,XNAS,2,1,0.9937974810600281,99,37.0,1
1749045734000000000,AAPL,XNAS,2,-1,0.9955031871795654,100,7.0,1
1749045735000000000,AAPL,XNAS,1,1,0.9939008355140686,99,100.0,1
1749045735000000000,AAPL,XNAS,1,-1,0.9954515099525452,100,8.0,1
1749045735000000000,AAPL,XNAS,2,1,0.9937974810600281,99,37.0,1
1749045735000000000,AAPL,XNAS,2,-1,0.9955031871795654,100,7.0,1
1749045736000000000,AAPL,XNAS,1,1,0.9939008355140686,99,200.0,1
1749045736000000000,AAPL,XNAS,1,-1,0.9954515099525452,100,8.0,1
1749045736000000000,AAPL,XNAS,2,1,0.9937974810600281,99,37.0,1
1749045736000000000,AAPL,XNAS,2,-1,0.9955031871795654,100,7.0,1
1749045738000000000,AAPL,XNAS,1,1,0.9939008355140686,99,100.0,1
1749045738000000000,AAPL,XNAS,1,-1,0.9954515099525452,100,8.0,1
1749045738000000000,AAPL,XNAS,2,1,0.9937974810600281,99,37.0,1
1749045738000000000,AAPL,XNAS,2,-1,0.9955031871795654,100,7.0,1
1749045739000000000,AAPL,XNAS,1,1,0.9940042495727539,99,100.0,1
1749045739000000000,AAPL,XNAS,1,-1,0.9954515099525452,100,8.0,1
1749045739000000000,AAPL,XNAS,2,1,0.9939008355140686,99,100.0,1
1749045739000000000,AAPL,XNAS,2,-1,0.9955031871795654,100,7.0,1
1749045746000000000,AAPL,XNAS,1,1,0.9941076040267944,99,200.0,1
1749045746000000000,AAPL,XNAS,1,-1,0.9954515099525452,100,8.0,1
1749045746000000000,AAPL,XNAS,2,1,0.9940559267997742,99,135.0,1
1749045746000000000,AAPL,XNAS,2,-1,0.9955031871795654,100,7.0,1
1749045747000000000,AAPL,XNAS,1,1,0.9941076040267944,99,1.0,1
1749045747000000000,AAPL,XNAS,1,-1,0.9954515099525452,100,8.0,1
1749045747000000000,AAPL,XNAS,2,1,0.9940559267997742,99,135.0,1
1749045747000000000,AAPL,XNAS,2,-1,0.9955031871795654,100,7.0,1
1749045748000000000,AAPL,XNAS,1,1,0.9940559267997742,99,136.0,1
1749045748000000000,AAPL,XNAS,1,-1,0.9954515099525452,100,8.0,1
1749045748000000000,AAPL,XNAS,2,1,0.9940042495727539,99,6.0,1
1749045748000000000,AAPL,XNAS,2,-1,0.9955031871795654,100,7.0,1
1749045758000000000,AAPL,XNAS,1,1,0.9940559267997742,99,36.0,1
1749045758000000000,AAPL,XNAS,1,-1,0.9954515099525452,100,8.0,1
1749045758000000000,AAPL,XNAS,2,1,0.9939008355140686,99,100.0,1
1749045758000000000,AAPL,XNAS,2,-1,0.9955031871795654,100,7.0,1
1749045759000000000,AAPL,XNAS,1,1,0.9941076040267944,99,1.0,1
1749045759000000000,AAPL,XNAS,1,-1,0.9954515099525452,100,8.0,1
1749045759000000000,AAPL,XNAS,2,1,0.9940559267997742,99,35.0,1
1749045759000000000,AAPL,XNAS,2,-1,0.9955031871795654,100,7.0,1
1749045760000000000,AAPL,XNAS,1,1,0.9939008355140686,99,101.0,1
1749045760000000000,AAPL,XNAS,1,-1,0.9954515099525452,100,8.0,1
1749045760000000000,AAPL,XNAS,2,1,0.9937974810600281,99,2.0,1
1749045760000000000,AAPL,XNAS,2,-1,0.9955031871795654,100,7.0,1
1749045762000000000,AAPL,XNAS,1,1,0.9921435117721558,99,201.0,1
1749045762000000000,AAPL,XNAS,1,-1,0.9934356808662415,99,12.0,1
1749045762000000000,AAPL,XNAS,2,1,0.9917299747467041,99,100.0,1
1749045762000000000,AAPL,XNAS,2,-1,0.9946244955062866,99,100.0,1
1749045763000000000,AAPL,XNAS,1,1,0.992195188999176,99,301.0,2
1749045763000000000,AAPL,XNAS,1,-1,0.9934356808662415,99,12.0,1
1749045763000000000,AAPL,XNAS,2,1,0.9917299747467041,99,100.0,1
1749045763000000000,AAPL,XNAS,2,-1,0.9954515099525452,100,8.0,1
1749045765000000000,AAPL,XNAS,1,1,0.9923502206802368,99,200.0,1
1749045765000000000,AAPL,XNAS,1,-1,0.9934356808662415,99,12.0,1
1749045765000000000,AAPL,XNAS,2,1,0.9922985434532166,99,100.0,1
1749045765000000000,AAPL,XNAS,2,-1,0.9954515099525452,100,8.0,1
1749045766000000000,AAPL,XNAS,1,1,0.9923502206802368,99,200.0,1
1749045766000000000,AAPL,XNAS,1,-1,0.9934356808662415,99,12.0,1
1749045766000000000,AAPL,XNAS,2,1,0.9922985434532166,99,100.0,1
1749045766000000000,AAPL,XNAS,2,-1,0.9942110180854797,99,11.0,1
1749045767000000000,AAPL,XNAS,1,1,0.9923502206802368,99,200.0,1
1749045767000000000,AAPL,XNAS,1,-1,0.9934356808662415,99,12.0,1
1749045767000000000,AAPL,XNAS,2,1,0.9922985434532166,99,100.0,1
1749045767000000000,AAPL,XNAS,2,-1,0.9942110180854797,99,26.0,1
1749045772000000000,AAPL,XNAS,1,1,0.9924018979072571,99,200.0,1
1749045772000000000,AAPL,XNAS,1,-1,0.9934356808662415,99,12.0,1
1749045772000000000,AAPL,XNAS,2,1,0.9923502206802368,99,100.0,1
1749045772000000000,AAPL,XNAS,2,-1,0.9942110180854797,99,26.0,1
1749045786000000000,AAPL,XNAS,1,1,0.9929187893867493,99,52.0,1
1749045786000000000,AAPL,XNAS,1,-1,0.9942110180854797,99,26.0,1
1749045786000000000,AAPL,XNAS,2,1,0.9917299747467041,99,100.0,1
1749045786000000000,AAPL,XNAS,2,-1,0.9953998327255249,100,200.0,1
1749045787000000000,AAPL,XNAS,1,1,0.9924018979072571,99,70.0,1
1749045787000000000,AAPL,XNAS,1,-1,0.9942110180854797,99,26.0,1
1749045787000000000,AAPL,XNAS,2,1,0.9917299747467041,99,100.0,1
1749045787000000000,AAPL,XNAS,2,-1,0.9953998327255249,100,200.0,1
1749045791000000000,AAPL,XNAS,1,1,0.9924018979072571,99,179.0,1
1749045791000000000,AAPL,XNAS,1,-1,0.9942110180854797,99,26.0,1
1749045791000000000,AAPL,XNAS,2,1,0.9917299747467041,99,100.0,1
1749045791000000000,AAPL,XNAS,2,-1,0.9953998327255249,100,200.0,1
1749045796000000000,AAPL,XNAS,1,1,0.9924018979072571,99,179.0,1
1749045796000000000,AAPL,XNAS,1,-1,0.9942110180854797,99,26.0,1
1749045796000000000,AAPL,XNAS,2,1,0.9917299747467041,99,100.0,1
1749045796000000000,AAPL,XNAS,2,-1,0.9944177269935608,99,158.0,1
1749045797000000000,AAPL,XNAS,1,1,0.9924018979072571,99,179.0,1
1749045797000000000,AAPL,XNAS,1,-1,0.9942110180854797,99,26.0,1
1749045797000000000,AAPL,XNAS,2,1,0.9917299747467041,99,100.0,1
1749045797000000000,AAPL,XNAS,2,-1,0.9944177269935608,99,58.0,1
1749045798000000000,AAPL,XNAS,1,1,0.9924018979072571,99,279.0,2
1749045798000000000,AAPL,XNAS,1,-1,0.9942110180854797,99,47.0,1
1749045798000000000,AAPL,XNAS,2,1,0.9917299747467041,99,100.0,1
1749045798000000000,AAPL,XNAS,2,-1,0.9944177269935608,99,58.0,1
1749045799000000000,AAPL,XNAS,1,1,0.9924018979072571,99,279.0,2
1749045799000000000,AAPL,XNAS,1,-1,0.9942110180854797,99,48.0,1
1749045799000000000,AAPL,XNAS,2,1,0.9917299747467041,99,100.0,1
1749045799000000000,AAPL,XNAS,2,-1,0.9944177269935608,99,58.0,1
1749045806000000000,AAPL,XNAS,1,1,0.9924018979072571,99,279.0,2
1749045806000000000,AAPL,XNAS,1,-1,0.9942110180854797,99,64.0,1
1749045806000000000,AAPL,XNAS,2,1,0.9917299747467041,99,200.0,1
1749045806000000000,AAPL,XNAS,2,-1,0.9944177269935608,99,58.0,1
1749045807000000000,AAPL,XNAS,1,1,0.9924018979072571,99,279.0,2
1749045807000000000,AAPL,XNAS,1,-1,0.9942110180854797,99,58.0,1
1749045807000000000,AAPL,XNAS,2,1,0.9917299747467041,99,100.0,1
1749045807000000000,AAPL,XNAS,2,-1,0.9944177269935608,99,58.0,1
1749045808000000000,AAPL,XNAS,1,1,0.9924018979072571,99,279.0,2
1749045808000000000,AAPL,XNAS,1,-1,0.9942110180854797,99,38.0,1
1749045808000000000,AAPL,XNAS,2,1,0.9917299747467041,99,100.0,1
1749045808000000000,AAPL,XNAS,2,-1,0.9944177269935608,99,58.0,1
1749045809000000000,AAPL,XNAS,1,1,0.9924018979072571,99,270.0,2
1749045809000000000,AAPL,XNAS,1,-1,0.9942110180854797,99,38.0,1
1749045809000000000,AAPL,XNAS,2,1,0.9917299747467041,99,100.0,1
1749045809000000000,AAPL,XNAS,2,-1,0.9944177269935608,99,58.0,1
1749045817000000000,AAPL,XNAS,1,1,0.9924018979072571,99,343.0,2
1749045817000000000,AAPL,XNAS,1,-1,0.9942110180854797,99,28.0,1
1749045817000000000,AAPL,XNAS,2,1,0.9917299747467041,99,100.0,1
1749045817000000000,AAPL,XNAS,2,-1,0.9944177269935608,99,58.0,1
1749045818000000000,AAPL,XNAS,1,1,0.9924018979072571,99,343.0,2
1749045818000000000,AAPL,XNAS,1,-1,0.9942110180854797,99,28.0,1
1749045818000000000,AAPL,XNAS,2,1,0.9917299747467041,99,100.0,1
1749045818000000000,AAPL,XNAS,2,-1,0.9943660497665405,99,65.0,1
1749045820000000000,AAPL,XNAS,1,1,0.9913164973258972,99,101.0,1
1749045820000000000,AAPL,XNAS,1,-1,0.9925569891929626,99,400.0,3
1749045820000000000,AAPL,XNAS,2,1,0.9891455769538879,99,35.0,1
1749045820000000000,AAPL,XNAS,2,-1,0.9942110180854797,99,28.0,1
1749045821000000000,AAPL,XNAS,1,1,0.9915749430656433,99,20.0,1
1749045821000000000,AAPL,XNAS,1,-1,0.9925569891929626,99,265.0,2
1749045821000000000,AAPL,XNAS,2,1,0.9911097288131714,99,101.0,1
1749045821000000000,AAPL,XNAS,2,-1,0.9929704666137695,99,100.0,1
1749045822000000000,AAPL,XNAS,1,1,0.9915749430656433,99,20.0,1
1749045822000000000,AAPL,XNAS,1,-1,0.9925569891929626,99,265.0,2
1749045822000000000,AAPL,XNAS,2,1,0.9911097288131714,99,1.0,1
1749045822000000000,AAPL,XNAS,2,-1,0.9932289123535156,99,200.0,1
1749045824000000000,AAPL,XNAS,1,1,0.9911614060401917,99,302.0,2
1749045824000000000,AAPL,XNAS,1,-1,0.9925569891929626,99,100.0,1
1749045824000000000,AAPL,XNAS,2,1,0.989869236946106,99,277.0,2
1749045824000000000,AAPL,XNAS,2,-1,0.9931255578994751,99,106.0,1
1749045825000000000,AAPL,XNAS,1,1,0.9911614060401917,99,102.0,1
1749045825000000000,AAPL,XNAS,1,-1,0.9925569891929626,99,100.0,1
1749045825000000000,AAPL,XNAS,2,1,0.989869236946106,99,277.0,2
1749045825000000000,AAPL,XNAS,2,-1,0.9931255578994751,99,6.0,1
1749045829000000000,AAPL,XNAS,1,1,0.9911614060401917,99,102.0,1
1749045829000000000,AAPL,XNAS,1,-1,0.9919367432594299,99,4.0,1
1749045829000000000,AAPL,XNAS,2,1,0.989869236946106,99,277.0,2
1749045829000000000,AAPL,XNAS,2,-1,0.9928154349327087,99,7.0,1
1749045831000000000,AAPL,XNAS,1,1,0.9911614060401917,99,102.0,1
1749045831000000000,AAPL,XNAS,1,-1,0.9919367432594299,99,4.0,1
1749045831000000000,AAPL,XNAS,2,1,0.989869236946106,99,277.0,2
1749045831000000000,AAPL,XNAS,2,-1,0.9927120208740234,99,105.0,1
1749045832000000000,AAPL,XNAS,1,1,0.9911614060401917,99,102.0,1
1749045832000000000,AAPL,XNAS,1,-1,0.9919367432594299,99,4.0,1
1749045832000000000,AAPL,XNAS,2,1,0.989869236946106,99,277.0,2
1749045832000000000,AAPL,XNAS,2,-1,0.9927120208740234,99,5.0,1
1749045833000000000,AAPL,XNAS,1,1,0.9911614060401917,99,102.0,1
1749045833000000000,AAPL,XNAS,1,-1,0.9919367432594299,99,4.0,1
1749045833000000000,AAPL,XNAS,2,1,0.989869236946106,99,277.0,2
1749045833000000000,AAPL,XNAS,2,-1,0.9927120208740234,99,120.0,1
1749045834000000000,AAPL,XNAS,1,1,0.9911614060401917,99,102.0,1
1749045834000000000,AAPL,XNAS,1,-1,0.9919367432594299,99,4.0,1
1749045834000000000,AAPL,XNAS,2,1,0.989869236946106,99,277.0,2
1749045834000000000,AAPL,XNAS,2,-1,0.9927120208740234,99,20.0,1
1749045836000000000,AAPL,XNAS,1,1,0.9904894828796387,99,202.0,1
1749045836000000000,AAPL,XNAS,1,-1,0.9919367432594299,99,4.0,1
1749045836000000000,AAPL,XNAS,2,1,0.9902827143669128,99,100.0,1
1749045836000000000,AAPL,XNAS,2,-1,0.9927120208740234,99,127.0,1
1749045837000000000,AAPL,XNAS,1,1,0.9904894828796387,99,202.0,1
1749045837000000000,AAPL,XNAS,1,-1,0.9919367432594299,99,4.0,1
1749045837000000000,AAPL,XNAS,2,1,0.9902827143669128,99,100.0,1
1749045837000000000,AAPL,XNAS,2,-1,0.9925569891929626,99,1.0,1
1749045838000000000,AAPL,XNAS,1,1,0.9904894828796387,99,202.0,1
1749045838000000000,AAPL,XNAS,1,-1,0.9919367432594299,99,4.0,1
1749045838000000000,AAPL,XNAS,2,1,0.9902827143669128,99,100.0,1
1749045838000000000,AAPL,XNAS,2,-1,0.9925569891929626,99,101.0,1
1749045840000000000,AAPL,XNAS,1,1,0.9904894828796387,99,202.0,1
1749045840000000000,AAPL,XNAS,1,-1,0.9919367432594299,99,4.0,1
1749045840000000000,AAPL,XNAS,2,1,0.9902827143669128,99,100.0,1
1749045840000000000,AAPL,XNAS,2,-1,0.9925053119659424,99,15.0,1
1749045841000000000,AAPL,XNAS,1,1,0.9904894828796387,99,202.0,1
1749045841000000000,AAPL,XNAS,1,-1,0.9919367432594299,99,4.0,1
1749045841000000000,AAPL,XNAS,2,1,0.9902827143669128,99,100.0,1
1749045841000000000,AAPL,XNAS,2,-1,0.9924536347389221,99,105.0,1
1749045842000000000,AAPL,XNAS,1,1,0.9904894828796387,99,202.0,1
1749045842000000000,AAPL,XNAS,1,-1,0.9919367432594299,99,4.0,1
1749045842000000000,AAPL,XNAS,2,1,0.9902827143669128,99,100.0,1
1749045842000000000,AAPL,XNAS,2,-1,0.9923502206802368,99,5.0,1
1749045843000000000,AAPL,XNAS,1,1,0.9904894828796387,99,202.0,1
1749045843000000000,AAPL,XNAS,1,-1,0.9924536347389221,99,100.0,1
1749045843000000000,AAPL,XNAS,2,1,0.9902827143669128,99,100.0,1
1749045843000000000,AAPL,XNAS,2,-1,0.9925053119659424,99,15.0,1
1749045844000000000,AAPL,XNAS,1,1,0.990799605846405,99,225.0,1
1749045844000000000,AAPL,XNAS,1,-1,0.9925053119659424,99,15.0,1
1749045844000000000,AAPL,XNAS,2,1,0.9904894828796387,99,102.0,1
1749045844000000000,AAPL,XNAS,2,-1,0.9925569891929626,99,101.0,1
1749045846000000000,AAPL,XNAS,1,1,0.990799605846405,99,25.0,1
1749045846000000000,AAPL,XNAS,1,-1,0.9925053119659424,99,15.0,1
1749045846000000000,AAPL,XNAS,2,1,0.9904894828796387,99,102.0,1
1749045846000000000,AAPL,XNAS,2,-1,0.9925569891929626,99,101.0,1
1749045847000000000,AAPL,XNAS,1,1,0.990799605846405,99,26.0,1
1749045847000000000,AAPL,XNAS,1,-1,0.9925053119659424,99,15.0,1
1749045847000000000,AAPL,XNAS,2,1,0.9904894828796387,99,102.0,1
1749045847000000000,AAPL,XNAS,2,-1,0.9925569891929626,99,101.0,1
1749045848000000000,AAPL,XNAS,1,1,0.990799605846405,99,26.0,1
1749045848000000000,AAPL,XNAS,1,-1,0.9925569891929626,99,101.0,1
1749045848000000000,AAPL,XNAS,2,1,0.9904894828796387,99,102.0,1
1749045848000000000,AAPL,XNAS,2,-1,0.9927637577056885,99,200.0,1
1749045849000000000,AAPL,XNAS,1,1,0.990799605846405,99,26.0,1
1749045849000000000,AAPL,XNAS,1,-1,0.9924536347389221,99,1.0,1
1749045849000000000,AAPL,XNAS,2,1,0.9904894828796387,99,102.0,1
1749045849000000000,AAPL,XNAS,2,-1,0.9925569891929626,99,100.0,1
1749045851000000000,AAPL,XNAS,1,1,0.990799605846405,99,1.0,1
1749045851000000000,AAPL,XNAS,1,-1,0.9921435117721558,99,9.0,1
1749045851000000000,AAPL,XNAS,2,1,0.9904894828796387,99,102.0,1
1749045851000000000,AAPL,XNAS,2,-1,0.9924536347389221,99,1.0,1
1749045852000000000,AAPL,XNAS,1,1,0.990799605846405,99,1.0,1
1749045852000000000,AAPL,XNAS,1,-1,0.9921435117721558,99,9.0,1
1749045852000000000,AAPL,XNAS,2,1,0.9904894828796387,99,202.0,1
1749045852000000000,AAPL,XNAS,2,-1,0.9924018979072571,99,15.0,1
1749045855000000000,AAPL,XNAS,1,1,0.990799605846405,99,1.0,1
1749045855000000000,AAPL,XNAS,1,-1,0.9921435117721558,99,9.0,1
1749045855000000000,AAPL,XNAS,2,1,0.9905411601066589,99,2.0,1
1749045855000000000,AAPL,XNAS,2,-1,0.9924018979072571,99,15.0,1
1749045859000000000,AAPL,XNAS,1,1,0.990799605846405,99,1.0,1
1749045859000000000,AAPL,XNAS,1,-1,0.9921435117721558,99,9.0,1
1749045859000000000,AAPL,XNAS,2,1,0.9905411601066589,99,2.0,1
1749045859000000000,AAPL,XNAS,2,-1,0.9924018979072571,99,115.0,1
1749045860000000000,AAPL,XNAS,1,1,0.990799605846405,99,1.0,1
1749045860000000000,AAPL,XNAS,1,-1,0.9921435117721558,99,9.0,1
1749045860000000000,AAPL,XNAS,2,1,0.9905411601066589,99,2.0,1
1749045860000000000,AAPL,XNAS,2,-1,0.9924018979072571,99,101.0,1
1749045862000000000,AAPL,XNAS,1,1,0.990799605846405,99,1.0,1
1749045862000000000,AAPL,XNAS,1,-1,0.9921435117721558,99,9.0,1
1749045862000000000,AAPL,XNAS,2,1,0.9905411601066589,99,2.0,1
1749045862000000000,AAPL,XNAS,2,-1,0.9924018979072571,99,1.0,1
1749045866000000000,AAPL,XNAS,1,1,0.990799605846405,99,1.0,1
1749045866000000000,AAPL,XNAS,1,-1,0.9921435117721558,99,9.0,1
1749045866000000000,AAPL,XNAS,2,1,0.9905411601066589,99,2.0,1
1749045866000000000,AAPL,XNAS,2,-1,0.9924018979072571,99,1.0,1
1749045874000000000,AAPL,XNAS,1,1,0.9905411601066589,99,2.0,1
1749045874000000000,AAPL,XNAS,1,-1,0.9921435117721558,99,9.0,1
1749045874000000000,AAPL,XNAS,2,1,0.9904894828796387,99,301.0,2
1749045874000000000,AAPL,XNAS,2,-1,0.9924018979072571,99,1.0,1
1749045884000000000,AAPL,XNAS,1,1,0.9905411601066589,99,2.0,1
1749045884000000000,AAPL,XNAS,1,-1,0.9921435117721558,99,9.0,1
1749045884000000000,AAPL,XNAS,2,1,0.9904894828796387,99,302.0,2
1749045884000000000,AAPL,XNAS,2,-1,0.9924018979072571,99,1.0,1
1749045888000000000,AAPL,XNAS,1,1,0.9905411601066589,99,2.0,1
1749045888000000000,AAPL,XNAS,1,-1,0.9921435117721558,99,9.0,1
1749045888000000000,AAPL,XNAS,2,1,0.9904894828796387,99,302.0,2
1749045888000000000,AAPL,XNAS,2,-1,0.9924018979072571,99,221.0,1
1749045891000000000,AAPL,XNAS,1,1,0.990799605846405,99,34.0,1
1749045891000000000,AAPL,XNAS,1,-1,0.9920400977134705,99,7.0,1
1749045891000000000,AAPL,XNAS,2,1,0.9905411601066589,99,1.0,1
1749045891000000000,AAPL,XNAS,2,-1,0.9921435117721558,99,9.0,1
1749045892000000000,AAPL,XNAS,1,1,0.990799605846405,99,34.0,1
1749045892000000000,AAPL,XNAS,1,-1,0.9920400977134705,99,7.0,1
1749045892000000000,AAPL,XNAS,2,1,0.9905411601066589,99,3.0,1
1749045892000000000,AAPL,XNAS,2,-1,0.9921435117721558,99,9.0,1
1749045893000000000,AAPL,XNAS,1,1,0.9927637577056885,99,132.0,1
1749045893000000000,AAPL,XNAS,1,-1,0.9942110180854797,99,1.0,1
1749045893000000000,AAPL,XNAS,2,1,0.9927120208740234,99,145.0,1
1749045893000000000,AAPL,XNAS,2,-1,0.9947795271873474,99,63.0,1
1749045894000000000,AAPL,XNAS,1,1,0.9937974810600281,99,2.0,1
1749045894000000000,AAPL,XNAS,1,-1,0.9942110180854797,99,1.0,1
1749045894000000000,AAPL,XNAS,2,1,0.9927637577056885,99,232.0,1
1749045894000000000,AAPL,XNAS,2,-1,0.9947795271873474,99,63.0,1
1749045895000000000,AAPL,XNAS,1,1,0.9928154349327087,99,111.0,1
1749045895000000000,AAPL,XNAS,1,-1,0.9942110180854797,99,1.0,1
1749045895000000000,AAPL,XNAS,2,1,0.9927637577056885,99,100.0,1
1749045895000000000,AAPL,XNAS,2,-1,0.9947795271873474,99,163.0,1
1749045897000000000,AAPL,XNAS,1,1,0.9928154349327087,99,211.0,1
1749045897000000000,AAPL,XNAS,1,-1,0.9942110180854797,99,1.0,1
1749045897000000000,AAPL,XNAS,2,1,0.9920917749404907,99,100.0,1
1749045897000000000,AAPL,XNAS,2,-1,0.9947795271873474,99,163.0,1
1749045899000000000,AAPL,XNAS,1,1,0.9928154349327087,99,211.0,1
1749045899000000000,AAPL,XNAS,1,-1,0.9942110180854797,99,1.0,1
1749045899000000000,AAPL,XNAS,2,1,0.9920917749404907,99,100.0,1
1749045899000000000,AAPL,XNAS,2,-1,0.9947795271873474,99,263.0,2
1749045904000000000,AAPL,XNAS,1,1,0.9928154349327087,99,211.0,1
1749045904000000000,AAPL,XNAS,1,-1,0.9942110180854797,99,1.0,1
1749045904000000000,AAPL,XNAS,2,1,0.9920917749404907,99,100.0,1
1749045904000000000,AAPL,XNAS,2,-1,0.9947795271873474,99,163.0,1
1749045911000000000,AAPL,XNAS,1,1,0.992867112159729,99,194.0,1
1749045911000000000,AAPL,XNAS,1,-1,0.9947795271873474,99,163.0,1
1749045911000000000,AAPL,XNAS,2,1,0.9928154349327087,99,211.0,1
1749045911000000000,AAPL,XNAS,2,-1,0.9960717558860779,100,200.0,1
1749045912000000000,AAPL,XNAS,1,1,0.9934873580932617,99,100.0,1
1749045912000000000,AAPL,XNAS,1,-1,0.9947795271873474,99,163.0,1
1749045912000000000,AAPL,XNAS,2,1,0.992867112159729,99,52.0,1
1749045912000000000,AAPL,XNAS,2,-1,0.9960717558860779,100,200.0,1
1749045918000000000,AAPL,XNAS,1,1,0.9934873580932617,99,100.0,1
1749045918000000000,AAPL,XNAS,1,-1,0.9947795271873474,99,163.0,1
1749045918000000000,AAPL,XNAS,2,1,0.992867112159729,99,52.0,1
1749045918000000000,AAPL,XNAS,2,-1,0.9960717558860779,100,100.0,1
1749045920000000000,AAPL,XNAS,1,1,0.9941592812538147,99,200.0,1
1749045920000000000,AAPL,XNAS,1,-1,0.9968470335006714,100,300.0,2
1749045920000000000,AAPL,XNAS,2,1,0.9935907125473022,99,300.0,2
1749045920000000000,AAPL,XNAS,2,-1,0.9968987703323364,100,100.0,1
1749045921000000000,AAPL,XNAS,1,1,0.9941592812538147,99,200.0,1
1749045921000000000,AAPL,XNAS,1,-1,0.9968470335006714,100,300.0,2
1749045921000000000,AAPL,XNAS,2,1,0.9935907125473022,99,300.0,2
1749045921000000000,AAPL,XNAS,2,-1,0.997260570526123,100,100.0,1
1749045922000000000,AAPL,XNAS,1,1,0.9941592812538147,99,300.0,2
1749045922000000000,AAPL,XNAS,1,-1,0.9982426166534424,100,100.0,1
1749045922000000000,AAPL,XNAS,2,1,0.9935907125473022,99,300.0,2
1749045922000000000,AAPL,XNAS,2,-1,0.9982942938804626,100,100.0,1
1749045923000000000,AAPL,XNAS,1,1,0.9941592812538147,99,300.0,2
1749045923000000000,AAPL,XNAS,1,-1,0.9982426166534424,100,100.0,1
1749045923000000000,AAPL,XNAS,2,1,0.993539035320282,99,111.0,1
1749045923000000000,AAPL,XNAS,2,-1,0.9982942938804626,100,100.0,1
1749045924000000000,AAPL,XNAS,1,1,0.9941592812538147,99,300.0,2
1749045924000000000,AAPL,XNAS,1,-1,0.9973639249801636,100,300.0,2
1749045924000000000,AAPL,XNAS,2,1,0.993539035320282,99,111.0,1
1749045924000000000,AAPL,XNAS,2,-1,0.9974156022071838,100,100.0,1
1749045925000000000,AAPL,XNAS,1,1,0.9941592812538147,99,300.0,2
1749045925000000000,AAPL,XNAS,1,-1,0.997260570526123,100,200.0,1
1749045925000000000,AAPL,XNAS,2,1,0.993539035320282,99,111.0,1
1749045925000000000,AAPL,XNAS,2,-1,0.9973122477531433,100,300.0,2
1749045926000000000,AAPL,XNAS,1,1,0.9941592812538147,99,411.0,3
1749045926000000000,AAPL,XNAS,1,-1,0.9973122477531433,100,200.0,1
1749045926000000000,AAPL,XNAS,2,1,0.993539035320282,99,251.0,2
1749045926000000000,AAPL,XNAS,2,-1,0.9973639249801636,100,175.0,1
1749045927000000000,AAPL,XNAS,1,1,0.9941592812538147,99,411.0,3
1749045927000000000,AAPL,XNAS,1,-1,0.9973122477531433,100,200.0,1
1749045927000000000,AAPL,XNAS,2,1,0.993539035320282,99,251.0,2
1749045927000000000,AAPL,XNAS,2,-1,0.9973639249801636,100,163.0,1
1749045928000000000,AAPL,XNAS,1,1,0.9942110180854797,99,108.0,1
1749045928000000000,AAPL,XNAS,1,-1,0.9973122477531433,100,200.0,1
1749045928000000000,AAPL,XNAS,2,1,0.9941592812538147,99,311.0,2
1749045928000000000,AAPL,XNAS,2,-1,0.9973639249801636,100,163.0,1
1749045929000000000,AAPL,XNAS,1,1,0.9942110180854797,99,259.0,2
1749045929000000000,AAPL,XNAS,1,-1,0.9973122477531433,100,200.0,1
1749045929000000000,AAPL,XNAS,2,1,0.9941592812538147,99,110.0,1
1749045929000000000,AAPL,XNAS,2,-1,0.9973639249801636,100,163.0,1
1749045930000000000,AAPL,XNAS,1,1,0.9942110180854797,99,260.0,2
1749045930000000000,AAPL,XNAS,1,-1,0.9973122477531433,100,200.0,1
1749045930000000000,AAPL,XNAS,2,1,0.9941592812538147,99,110.0,1
1749045930000000000,AAPL,XNAS,2,-1,0.9973639249801636,100,163.0,1
1749045931000000000,AAPL,XNAS,1,1,0.9944177269935608,99,234.0,1
1749045931000000000,AAPL,XNAS,1,-1,0.9973122477531433,100,200.0,1
1749045931000000000,AAPL,XNAS,2,1,0.9942626953125,99,251.0,2
1749045931000000000,AAPL,XNAS,2,-1,0.9973639249801636,100,163.0,1
1749045932000000000,AAPL,XNAS,1,1,0.9944177269935608,99,436.0,3
1749045932000000000,AAPL,XNAS,1,-1,0.9973122477531433,100,100.0,1
1749045932000000000,AAPL,XNAS,2,1,0.9942626953125,99,51.0,1
1749045932000000000,AAPL,XNAS,2,-1,0.9973639249801636,100,163.0,1
1749045933000000000,AAPL,XNAS,1,1,0.9944177269935608,99,336.0,2
1749045933000000000,AAPL,XNAS,1,-1,0.9973122477531433,100,200.0,1
1749045933000000000,AAPL,XNAS,2,1,0.9942626953125,99,51.0,1
1749045933000000000,AAPL,XNAS,2,-1,0.9973639249801636,100,163.0,1
1749045935000000000,AAPL,XNAS,1,1,0.9945211410522461,99,117.0,1
1749045935000000000,AAPL,XNAS,1,-1,0.9973122477531433,100,200.0,1
1749045935000000000,AAPL,XNAS,2,1,0.994469404220581,99,52.0,1
1749045935000000000,AAPL,XNAS,2,-1,0.9973639249801636,100,163.0,1
1749045936000000000,AAPL,XNAS,1,1,0.9945211410522461,99,118.0,1
1749045936000000000,AAPL,XNAS,1,-1,0.9973122477531433,100,200.0,1
1749045936000000000,AAPL,XNAS,2,1,0.994469404220581,99,52.0,1
1749045936000000000,AAPL,XNAS,2,-1,0.9973639249801636,100,163.0,1
1749045937000000000,AAPL,XNAS,1,1,0.9945728182792664,99,411.0,3
1749045937000000000,AAPL,XNAS,1,-1,0.9973122477531433,100,200.0,1
1749045937000000000,AAPL,XNAS,2,1,0.9945211410522461,99,18.0,1
1749045937000000000,AAPL,XNAS,2,-1,0.9973639249801636,100,163.0,1
1749045938000000000,AAPL,XNAS,1,1,0.9945728182792664,99,412.0,3
1749045938000000000,AAPL,XNAS,1,-1,0.9973122477531433,100,200.0,1
1749045938000000000,AAPL,XNAS,2,1,0.9945211410522461,99,17.0,1
1749045938000000000,AAPL,XNAS,2,-1,0.9973639249801636,100,163.0,1
1749045940000000000,AAPL,XNAS,1,1,0.9945728182792664,99,413.0,3
1749045940000000000,AAPL,XNAS,1,-1,0.9973122477531433,100,100.0,1
1749045940000000000,AAPL,XNAS,2,1,0.9945211410522461,99,17.0,1
1749045940000000000,AAPL,XNAS,2,-1,0.9973639249801636,100,163.0,1
1749045942000000000,AAPL,XNAS,1,1,0.9945728182792664,99,495.0,4
1749045942000000000,AAPL,XNAS,1,-1,0.997260570526123,100,100.0,1
1749045942000000000,AAPL,XNAS,2,1,0.9945211410522461,99,17.0,1
1749045942000000000,AAPL,XNAS,2,-1,0.9973122477531433,100,100.0,1
1749045943000000000,AAPL,XNAS,1,1,0.9945728182792664,99,384.0,3
1749045943000000000,AAPL,XNAS,1,-1,0.997260570526123,100,100.0,1
1749045943000000000,AAPL,XNAS,2,1,0.9945211410522461,99,17.0,1
1749045943000000000,AAPL,XNAS,2,-1,0.9973122477531433,100,100.0,1
1749045944000000000,AAPL,XNAS,1,1,0.9945728182792664,99,384.0,3
1749045944000000000,AAPL,XNAS,1,-1,0.997260570526123,100,100.0,1
1749045944000000000,AAPL,XNAS,2,1,0.994469404220581,99,51.0,1
1749045944000000000,AAPL,XNAS,2,-1,0.9973122477531433,100,100.0,1
1749045945000000000,AAPL,XNAS,1,1,0.9945728182792664,99,202.0,1
1749045945000000000,AAPL,XNAS,1,-1,0.997260570526123,100,100.0,1
1749045945000000000,AAPL,XNAS,2,1,0.994469404220581,99,51.0,1
1749045945000000000,AAPL,XNAS,2,-1,0.9973122477531433,100,100.0,1
1749045947000000000,AAPL,XNAS,1,1,0.9945728182792664,99,202.0,1
1749045947000000000,AAPL,XNAS,1,-1,0.997260570526123,100,200.0,1
1749045947000000000,AAPL,XNAS,2,1,0.994469404220581,99,51.0,1
1749045947000000000,AAPL,XNAS,2,-1,0.9973122477531433,100,100.0,1
1749045950000000000,AAPL,XNAS,1,1,0.9945728182792664,99,202.0,1
1749045950000000000,AAPL,XNAS,1,-1,0.997260570526123,100,200.0,1
1749045950000000000,AAPL,XNAS,2,1,0.9942110180854797,99,58.0,1
1749045950000000000,AAPL,XNAS,2,-1,0.9973122477531433,100,100.0,1
1749045954000000000,AAPL,XNAS,1,1,0.9946244955062866,99,1.0,1
1749045954000000000,AAPL,XNAS,1,-1,0.9972088932991028,100,100.0,1
1749045954000000000,AAPL,XNAS,2,1,0.9945728182792664,99,100.0,1
1749045954000000000,AAPL,XNAS,2,-1,0.997260570526123,100,100.0,1
1749045955000000000,AAPL,XNAS,1,1,0.9946761727333069,99,100.0,1
1749045955000000000,AAPL,XNAS,1,-1,0.997260570526123,100,100.0,1
1749045955000000000,AAPL,XNAS,2,1,0.9946244955062866,99,1.0,1
1749045955000000000,AAPL,XNAS,2,-1,0.9973122477531433,100,200.0,1
1749045956000000000,AAPL,XNAS,1,1,0.9946761727333069,99,100.0,1
1749045956000000000,AAPL,XNAS,1,-1,0.997260570526123,100,100.0,1
1749045956000000000,AAPL,XNAS,2,1,0.9946244955062866,99,1.0,1
1749045956000000000,AAPL,XNAS,2,-1,0.9973122477531433,100,200.0,1
1749045957000000000,AAPL,XNAS,1,1,0.9946761727333069,99,101.0,1
1749045957000000000,AAPL,XNAS,1,-1,0.997260570526123,100,100.0,1
1749045957000000000,AAPL,XNAS,2,1,0.9942110180854797,99,58.0,1
1749045957000000000,AAPL,XNAS,2,-1,0.9973122477531433,100,200.0,1
1749045958000000000,AAPL,XNAS,1,1,0.9930738806724548,99,100.0,1
1749045958000000000,AAPL,XNAS,1,-1,0.9952447414398193,100,100.0,1
1749045958000000000,AAPL,XNAS,2,1,0.9924536347389221,99,100.0,1
1749045958000000000,AAPL,XNAS,2,-1,0.9959166646003723,100,100.0,1
1749045959000000000,AAPL,XNAS,1,1,0.993539035320282,99,200.0,1
1749045959000000000,AAPL,XNAS,1,-1,0.9951930642127991,100,100.0,1
1749045959000000000,AAPL,XNAS,2,1,0.9931255578994751,99,252.0,2
1749045959000000000,AAPL,XNAS,2,-1,0.9959166646003723,100,100.0,1
1749045960000000000,AAPL,XNAS,1,1,0.9937458038330078,99,6.0,1
1749045960000000000,AAPL,XNAS,1,-1,0.9959166646003723,100,200.0,1
1749045960000000000,AAPL,XNAS,2,1,0.9936941266059875,99,120.0,1
1749045960000000000,AAPL,XNAS,2,-1,0.9960717558860779,100,63.0,1
1749045961000000000,AAPL,XNAS,1,1,0.9936941266059875,99,124.0,1
1749045961000000000,AAPL,XNAS,1,-1,0.995864987373352,100,100.0,1
1749045961000000000,AAPL,XNAS,2,1,0.9935907125473022,99,200.0,1
1749045961000000000,AAPL,XNAS,2,-1,0.9959166646003723,100,100.0,1
1749045962000000000,AAPL,XNAS,1,1,0.9935907125473022,99,200.0,1
1749045962000000000,AAPL,XNAS,1,-1,0.995864987373352,100,100.0,1
1749045962000000000,AAPL,XNAS,2,1,0.993539035320282,99,100.0,1
1749045962000000000,AAPL,XNAS,2,-1,0.9959166646003723,100,100.0,1
1749045963000000000,AAPL,XNAS,1,1,0.9935907125473022,99,400.0,3
1749045963000000000,AAPL,XNAS,1,-1,0.995864987373352,100,200.0,1
1749045963000000000,AAPL,XNAS,2,1,0.993539035320282,99,100.0,1
1749045963000000000,AAPL,XNAS,2,-1,0.9959166646003723,100,100.0,1
1749045967000000000,AAPL,XNAS,1,1,0.9935907125473022,99,300.0,2
1749045967000000000,AAPL,XNAS,1,-1,0.9957616329193115,100,100.0,1
1749045967000000000,AAPL,XNAS,2,1,0.993539035320282,99,100.0,1
1749045967000000000,AAPL,XNAS,2,-1,0.9958133101463318,100,100.0,1
1749045968000000000,AAPL,XNAS,1,1,0.9935907125473022,99,300.0,2
1749045968000000000,AAPL,XNAS,1,-1,0.9957616329193115,100,100.0,1
1749045968000000000,AAPL,XNAS,2,1,0.993539035320282,99,100.0,1
1749045968000000000,AAPL,XNAS,2,-1,0.9958133101463318,100,200.0,1
1749045971000000000,AAPL,XNAS,1,1,0.9935907125473022,99,200.0,1
1749045971000000000,AAPL,XNAS,1,-1,0.9957616329193115,100,100.0,1
1749045971000000000,AAPL,XNAS,2,1,0.993539035320282,99,100.0,1
1749045971000000000,AAPL,XNAS,2,-1,0.9958133101463318,100,200.0,1
1749045973000000000,AAPL,XNAS,1,1,0.9935907125473022,99,16.0,1
1749045973000000000,AAPL,XNAS,1,-1,0.9957616329193115,100,100.0,1
1749045973000000000,AAPL,XNAS,2,1,0.9918333888053894,99,100.0,1
1749045973000000000,AAPL,XNAS,2,-1,0.9958133101463318,100,200.0,1
1749045974000000000,AAPL,XNAS,1,1,0.9935907125473022,99,316.0,2
1749045974000000000,AAPL,XNAS,1,-1,0.9958133101463318,100,200.0,1
1749045974000000000,AAPL,XNAS,2,1,0.9916782975196838,99,27.0,1
1749045974000000000,AAPL,XNAS,2,-1,0.995864987373352,100,100.0,1
1749045978000000000,AAPL,XNAS,1,1,0.9935907125473022,99,116.0,1
1749045978000000000,AAPL,XNAS,1,-1,0.9957616329193115,100,100.0,1
1749045978000000000,AAPL,XNAS,2,1,0.9916782975196838,99,27.0,1
1749045978000000000,AAPL,XNAS,2,-1,0.9958133101463318,100,100.0,1
1749045979000000000,AAPL,XNAS,1,1,0.9935907125473022,99,116.0,1
1749045979000000000,AAPL,XNAS,1,-1,0.9957616329193115,100,100.0,1
1749045979000000000,AAPL,XNAS,2,1,0.9916782975196838,99,27.0,1
1749045979000000000,AAPL,XNAS,2,-1,0.9958133101463318,100,200.0,1
1749045981000000000,AAPL,XNAS,1,1,0.9935907125473022,99,116.0,1
1749045981000000000,AAPL,XNAS,1,-1,0.9946761727333069,99,4.0,1
1749045981000000000,AAPL,XNAS,2,1,0.9916782975196838,99,27.0,1
1749045981000000000,AAPL,XNAS,2,-1,0.9958133101463318,100,200.0,1
1749045982000000000,AAPL,XNAS,1,1,0.9935907125473022,99,116.0,1
1749045982000000000,AAPL,XNAS,1,-1,0.9957616329193115,100,100.0,1
1749045982000000000,AAPL,XNAS,2,1,0.9916782975196838,99,27.0,1
1749045982000000000,AAPL,XNAS,2,-1,0.9958133101463318,100,200.0,1
1749045983000000000,AAPL,XNAS,1,1,0.9935907125473022,99,116.0,1
1749045983000000000,AAPL,XNAS,1,-1,0.9957616329193115,100,100.0,1
1749045983000000000,AAPL,XNAS,2,1,0.9918333888053894,99,100.0,1
1749045983000000000,AAPL,XNAS,2,-1,0.9958133101463318,100,200.0,1
1749045985000000000,AAPL,XNAS,1,1,0.9935907125473022,99,316.0,2
1749045985000000000,AAPL,XNAS,1,-1,0.9958133101463318,100,100.0,1
1749045985000000000,AAPL,XNAS,2,1,0.9916782975196838,99,27.0,1
1749045985000000000,AAPL,XNAS,2,-1,0.995864987373352,100,200.0,1
1749045986000000000,AAPL,XNAS,1,1,0.9935907125473022,99,536.0,4
1749045986000000000,AAPL,XNAS,1,-1,0.9958133101463318,100,100.0,1
1749045986000000000,AAPL,XNAS,2,1,0.9916782975196838,99,167.0,1
1749045986000000000,AAPL,XNAS,2,-1,0.9971571564674377,100,163.0,1
1749045987000000000,AAPL,XNAS,1,1,0.9935907125473022,99,536.0,4
1749045987000000000,AAPL,XNAS,1,-1,0.9971571564674377,100,163.0,1
1749045987000000000,AAPL,XNAS,2,1,0.9916782975196838,99,167.0,1
1749045987000000000,AAPL,XNAS,2,-1,0.9973122477531433,100,100.0,1
1749045988000000000,AAPL,XNAS,1,1,0.9935907125473022,99,536.0,4
1749045988000000000,AAPL,XNAS,1,-1,0.9971571564674377,100,163.0,1
1749045988000000000,AAPL,XNAS,2,1,0.9916782975196838,99,167.0,1
1749045988000000000,AAPL,XNAS,2,-1,0.9973122477531433,100,100.0,1
1749045989000000000,AAPL,XNAS,1,1,0.9939008355140686,99,405.0,3
1749045989000000000,AAPL,XNAS,1,-1,0.9971571564674377,100,163.0,1
1749045989000000000,AAPL,XNAS,2,1,0.9938491582870483,99,152.0,1
1749045989000000000,AAPL,XNAS,2,-1,0.9973122477531433,100,100.0,1
1749045990000000000,AAPL,XNAS,1,1,0.9940042495727539,99,200.0,1
1749045990000000000,AAPL,XNAS,1,-1,0.9971571564674377,100,163.0,1
1749045990000000000,AAPL,XNAS,2,1,0.9939525723457336,99,158.0,1
1749045990000000000,AAPL,XNAS,2,-1,0.9973122477531433,100,100.0,1
1749045991000000000,AAPL,XNAS,1,1,0.9940559267997742,99,100.0,1
1749045991000000000,AAPL,XNAS,1,-1,0.9971571564674377,100,163.0,1
1749045991000000000,AAPL,XNAS,2,1,0.9940042495727539,99,200.0,1
1749045991000000000,AAPL,XNAS,2,-1,0.9973122477531433,100,100.0,1
1749045992000000000,AAPL,XNAS,1,1,0.9940559267997742,99,100.0,1
1749045992000000000,AAPL,XNAS,1,-1,0.9971054792404175,100,202.0,1
1749045992000000000,AAPL,XNAS,2,1,0.9940042495727539,99,200.0,1
1749045992000000000,AAPL,XNAS,2,-1,0.9971571564674377,100,63.0,1
1749045993000000000,AAPL,XNAS,1,1,0.9942110180854797,99,75.0,1
1749045993000000000,AAPL,XNAS,1,-1,0.9971054792404175,100,200.0,1
1749045993000000000,AAPL,XNAS,2,1,0.9940559267997742,99,200.0,1
1749045993000000000,AAPL,XNAS,2,-1,0.9971571564674377,100,63.0,1
1749045994000000000,AAPL,XNAS,1,1,0.9942110180854797,99,2.0,1
1749045994000000000,AAPL,XNAS,1,-1,0.9970538020133972,100,200.0,1
1749045994000000000,AAPL,XNAS,2,1,0.9940559267997742,99,100.0,1
1749045994000000000,AAPL,XNAS,2,-1,0.9971054792404175,100,100.0,1
1749045995000000000,AAPL,XNAS,1,1,0.994469404220581,99,2.0,1
1749045995000000000,AAPL,XNAS,1,-1,0.9970538020133972,100,200.0,1
1749045995000000000,AAPL,XNAS,2,1,0.9940559267997742,99,100.0,1
1749045995000000000,AAPL,XNAS,2,-1,0.9971054792404175,100,100.0,1
1749045996000000000,AAPL,XNAS,1,1,0.9945211410522461,99,10.0,1
1749045996000000000,AAPL,XNAS,1,-1,0.9970538020133972,100,200.0,1
1749045996000000000,AAPL,XNAS,2,1,0.9942110180854797,99,104.0,1
1749045996000000000,AAPL,XNAS,2,-1,0.9971054792404175,100,100.0,1
1749045997000000000,AAPL,XNAS,1,1,0.9945211410522461,99,2.0,1
1749045997000000000,AAPL,XNAS,1,-1,0.9970538020133972,100,200.0,1
1749045997000000000,AAPL,XNAS,2,1,0.9942110180854797,99,104.0,1
1749045997000000000,AAPL,XNAS,2,-1,0.9971054792404175,100,100.0,1
1749045998000000000,AAPL,XNAS,1,1,0.9942110180854797,99,104.0,1
1749045998000000000,AAPL,XNAS,1,-1,0.9970538020133972,100,200.0,1
1749045998000000000,AAPL,XNAS,2,1,0.9939008355140686,99,100.0,1
1749045998000000000,AAPL,XNAS,2,-1,0.9971054792404175,100,100.0,1
1749045999000000000,AAPL,XNAS,1,1,0.9945211410522461,99,4.0,1
1749045999000000000,AAPL,XNAS,1,-1,0.9970538020133972,100,200.0,1
1749045999000000000,AAPL,XNAS,2,1,0.9943143725395203,99,100.0,1
1749045999000000000,AAPL,XNAS,2,-1,0.9971054792404175,100,100.0,1
1749046000000000000,AAPL,XNAS,1,1,0.9946761727333069,99,2.0,1
1749046000000000000,AAPL,XNAS,1,-1,0.9970538020133972,100,200.0,1
1749046000000000000,AAPL,XNAS,2,1,0.9945211410522461,99,6.0,1
1749046000000000000,AAPL,XNAS,2,-1,0.9971054792404175,100,100.0,1
1749046001000000000,AAPL,XNAS,1,1,0.9946761727333069,99,2.0,1
1749046001000000000,AAPL,XNAS,1,-1,0.9970538020133972,100,200.0,1
1749046001000000000,AAPL,XNAS,2,1,0.9945211410522461,99,4.0,1
1749046001000000000,AAPL,XNAS,2,-1,0.9971054792404175,100,100.0,1
1749046003000000000,AAPL,XNAS,1,1,0.9946761727333069,99,2.0,1
1749046003000000000,AAPL,XNAS,1,-1,0.9970538020133972,100,200.0,1
1749046003000000000,AAPL,XNAS,2,1,0.994469404220581,99,4.0,1
1749046003000000000,AAPL,XNAS,2,-1,0.9971054792404175,100,100.0,1
1749046004000000000,AAPL,XNAS,1,1,0.994469404220581,99,4.0,1
1749046004000000000,AAPL,XNAS,1,-1,0.9969504475593567,100,100.0,1
1749046004000000000,AAPL,XNAS,2,1,0.9943143725395203,99,100.0,1
1749046004000000000,AAPL,XNAS,2,-1,0.997002124786377,100,200.0,1
1749046005000000000,AAPL,XNAS,1,1,0.9935907125473022,99,168.0,1
1749046005000000000,AAPL,XNAS,1,-1,0.9947795271873474,99,100.0,1
1749046005000000000,AAPL,XNAS,2,1,0.9916782975196838,99,67.0,1
1749046005000000000,AAPL,XNAS,2,-1,0.9951930642127991,100,200.0,1
1749046006000000000,AAPL,XNAS,1,1,0.9939008355140686,99,120.0,1
1749046006000000000,AAPL,XNAS,1,-1,0.9951930642127991,100,100.0,1
1749046006000000000,AAPL,XNAS,2,1,0.9935907125473022,99,268.0,2
1749046006000000000,AAPL,XNAS,2,-1,0.9969504475593567,100,200.0,1
1749046007000000000,AAPL,XNAS,1,1,0.9939008355140686,99,20.0,1
1749046007000000000,AAPL,XNAS,1,-1,0.9968987703323364,100,200.0,1
1749046007000000000,AAPL,XNAS,2,1,0.9935907125473022,99,168.0,1
1749046007000000000,AAPL,XNAS,2,-1,0.9969504475593567,100,300.0,2
1749046008000000000,AAPL,XNAS,1,1,0.9935907125473022,99,168.0,1
1749046008000000000,AAPL,XNAS,1,-1,0.9968987703323364,100,200.0,1
1749046008000000000,AAPL,XNAS,2,1,0.9916782975196838,99,67.0,1
1749046008000000000,AAPL,XNAS,2,-1,0.9969504475593567,100,200.0,1
1749046009000000000,AAPL,XNAS,1,1,0.9935907125473022,99,168.0,1
1749046009000000000,AAPL,XNAS,1,-1,0.9968470335006714,100,100.0,1
1749046009000000000,AAPL,XNAS,2,1,0.9916782975196838,99,67.0,1
1749046009000000000,AAPL,XNAS,2,-1,0.9969504475593567,100,200.0,1
1749046011000000000,AAPL,XNAS,1,1,0.9935907125473022,99,168.0,1
1749046011000000000,AAPL,XNAS,1,-1,0.9968470335006714,100,300.0,2
1749046011000000000,AAPL,XNAS,2,1,0.992867112159729,99,100.0,1
1749046011000000000,AAPL,XNAS,2,-1,0.9969504475593567,100,200.0,1
1749046015000000000,AAPL,XNAS,1,1,0.992867112159729,99,5.0,1
1749046015000000000,AAPL,XNAS,1,-1,0.9961234331130981,100,300.0,2
1749046015000000000,AAPL,XNAS,2,1,0.9916782975196838,99,67.0,1
1749046015000000000,AAPL,XNAS,2,-1,0.9961751103401184,100,125.0,1
1749046016000000000,AAPL,XNAS,1,1,0.9929187893867493,99,240.0,2
1749046016000000000,AAPL,XNAS,1,-1,0.9968470335006714,100,100.0,1
1749046016000000000,AAPL,XNAS,2,1,0.9916782975196838,99,67.0,1
1749046016000000000,AAPL,XNAS,2,-1,0.9969504475593567,100,200.0,1
1749046018000000000,AAPL,XNAS,1,1,0.9929187893867493,99,140.0,1
1749046018000000000,AAPL,XNAS,1,-1,0.996536910533905,100,27.0,1
1749046018000000000,AAPL,XNAS,2,1,0.9916782975196838,99,67.0,1
1749046018000000000,AAPL,XNAS,2,-1,0.9968470335006714,100,100.0,1
1749046020000000000,AAPL,XNAS,1,1,0.9929187893867493,99,140.0,1
1749046020000000000,AAPL,XNAS,1,-1,0.996536910533905,100,27.0,1
1749046020000000000,AAPL,XNAS,2,1,0.9916782975196838,99,67.0,1
1749046020000000000,AAPL,XNAS,2,-1,0.9969504475593567,100,100.0,1
1749046021000000000,AAPL,XNAS,1,1,0.9929187893867493,99,140.0,1
1749046021000000000,AAPL,XNAS,1,-1,0.9961234331130981,100,1.0,1
1749046021000000000,AAPL,XNAS,2,1,0.9916782975196838,99,67.0,1
1749046021000000000,AAPL,XNAS,2,-1,0.996536910533905,100,27.0,1
1749046030000000000,AAPL,XNAS,1,1,0.9930738806724548,99,86.0,1
1749046030000000000,AAPL,XNAS,1,-1,0.9961234331130981,100,1.0,1
1749046030000000000,AAPL,XNAS,2,1,0.9929187893867493,99,140.0,1
1749046030000000000,AAPL,XNAS,2,-1,0.9966920018196106,100,127.0,1
1749046032000000000,AAPL,XNAS,1,1,0.9930738806724548,99,86.0,1
1749046032000000000,AAPL,XNAS,1,-1,0.9961234331130981,100,1.0,1
1749046032000000000,AAPL,XNAS,2,1,0.9929187893867493,99,140.0,1
1749046032000000000,AAPL,XNAS,2,-1,0.9966920018196106,100,27.0,1
1749046042000000000,AAPL,XNAS,1,1,0.9930738806724548,99,88.0,1
1749046042000000000,AAPL,XNAS,1,-1,0.9961234331130981,100,1.0,1
1749046042000000000,AAPL,XNAS,2,1,0.9929187893867493,99,140.0,1
1749046042000000000,AAPL,XNAS,2,-1,0.9966920018196106,100,27.0,1
1749046046000000000,AAPL,XNAS,1,1,0.9931255578994751,99,442.0,3
1749046046000000000,AAPL,XNAS,1,-1,0.9961234331130981,100,5.0,1
1749046046000000000,AAPL,XNAS,2,1,0.9930738806724548,99,90.0,1
1749046046000000000,AAPL,XNAS,2,-1,0.997002124786377,100,100.0,1
1749046047000000000,AAPL,XNAS,1,1,0.9931255578994751,99,543.0,4
1749046047000000000,AAPL,XNAS,1,-1,0.9961234331130981,100,5.0,1
1749046047000000000,AAPL,XNAS,2,1,0.9930738806724548,99,88.0,1
1749046047000000000,AAPL,XNAS,2,-1,0.9967436790466309,100,27.0,1
1749046048000000000,AAPL,XNAS,1,1,0.9931255578994751,99,643.0,5
1749046048000000000,AAPL,XNAS,1,-1,0.9967436790466309,100,27.0,1
1749046048000000000,AAPL,XNAS,2,1,0.9930738806724548,99,88.0,1
1749046048000000000,AAPL,XNAS,2,-1,0.997002124786377,100,100.0,1
1749046050000000000,AAPL,XNAS,1,1,0.9931255578994751,99,711.0,5
1749046050000000000,AAPL,XNAS,1,-1,0.9967436790466309,100,27.0,1
1749046050000000000,AAPL,XNAS,2,1,0.9930738806724548,99,88.0,1
1749046050000000000,AAPL,XNAS,2,-1,0.997002124786377,100,100.0,1
1749046052000000000,AAPL,XNAS,1,1,0.9931255578994751,99,711.0,5
1749046052000000000,AAPL,XNAS,1,-1,0.9967436790466309,100,27.0,1
1749046052000000000,AAPL,XNAS,2,1,0.9930738806724548,99,88.0,1
1749046052000000000,AAPL,XNAS,2,-1,0.997002124786377,100,100.0,1
1749046053000000000,AAPL,XNAS,1,1,0.9931255578994751,99,611.0,5
1749046053000000000,AAPL,XNAS,1,-1,0.995864987373352,100,3.0,1
1749046053000000000,AAPL,XNAS,2,1,0.9930738806724548,99,88.0,1
1749046053000000000,AAPL,XNAS,2,-1,0.9967436790466309,100,27.0,1
1749046054000000000,AAPL,XNAS,1,1,0.9931255578994751,99,611.0,5
1749046054000000000,AAPL,XNAS,1,-1,0.995864987373352,100,3.0,1
1749046054000000000,AAPL,XNAS,2,1,0.9930738806724548,99,88.0,1
1749046054000000000,AAPL,XNAS,2,-1,0.9967436790466309,100,27.0,1
1749046055000000000,AAPL,XNAS,1,1,0.9931255578994751,99,611.0,5
1749046055000000000,AAPL,XNAS,1,-1,0.995864987373352,100,3.0,1
1749046055000000000,AAPL,XNAS,2,1,0.9930738806724548,99,88.0,1
1749046055000000000,AAPL,XNAS,2,-1,0.9967436790466309,100,27.0,1
1749046056000000000,AAPL,XNAS,1,1,0.9931772351264954,99,323.0,2
1749046056000000000,AAPL,XNAS,1,-1,0.995864987373352,100,3.0,1
1749046056000000000,AAPL,XNAS,2,1,0.9931255578994751,99,311.0,2
1749046056000000000,AAPL,XNAS,2,-1,0.9967436790466309,100,27.0,1
1749046057000000000,AAPL,XNAS,1,1,0.9932289123535156,99,300.0,2
1749046057000000000,AAPL,XNAS,1,-1,0.9967436790466309,100,1.0,1
1749046057000000000,AAPL,XNAS,2,1,0.9931772351264954,99,124.0,1
1749046057000000000,AAPL,XNAS,2,-1,0.997002124786377,100,100.0,1
1749046058000000000,AAPL,XNAS,1,1,0.9932289123535156,99,581.0,4
1749046058000000000,AAPL,XNAS,1,-1,0.9967436790466309,100,1.0,1
1749046058000000000,AAPL,XNAS,2,1,0.9931772351264954,99,123.0,1
1749046058000000000,AAPL,XNAS,2,-1,0.997002124786377,100,100.0,1
1749046061000000000,AAPL,XNAS,1,1,0.9945728182792664,99,200.0,1
1749046061000000000,AAPL,XNAS,1,-1,0.9967436790466309,100,1.0,1
1749046061000000000,AAPL,XNAS,2,1,0.9932289123535156,99,101.0,1
1749046061000000000,AAPL,XNAS,2,-1,0.997002124786377,100,100.0,1
1749046062000000000,AAPL,XNAS,1,1,0.9946244955062866,99,2.0,1
1749046062000000000,AAPL,XNAS,1,-1,0.9967436790466309,100,1.0,1
1749046062000000000,AAPL,XNAS,2,1,0.9945728182792664,99,100.0,1
1749046062000000000,AAPL,XNAS,2,-1,0.997002124786377,100,100.0,1
1749046063000000000,AAPL,XNAS,1,1,0.9946244955062866,99,2.0,1
1749046063000000000,AAPL,XNAS,1,-1,0.9967436790466309,100,1.0,1
1749046063000000000,AAPL,XNAS,2,1,0.9945728182792664,99,100.0,1
1749046063000000000,AAPL,XNAS,2,-1,0.997002124786377,100,100.0,1
1749046064000000000,AAPL,XNAS,1,1,0.9946761727333069,99,200.0,1
1749046064000000000,AAPL,XNAS,1,-1,0.9967436790466309,100,1.0,1
1749046064000000000,AAPL,XNAS,2,1,0.9946244955062866,99,202.0,1
1749046064000000000,AAPL,XNAS,2,-1,0.997002124786377,100,100.0,1
1749046065000000000,AAPL,XNAS,1,1,0.9946761727333069,99,101.0,1
1749046065000000000,AAPL,XNAS,1,-1,0.9967436790466309,100,1.0,1
1749046065000000000,AAPL,XNAS,2,1,0.9946244955062866,99,200.0,1
1749046065000000000,AAPL,XNAS,2,-1,0.997002124786377,100,100.0,1
1749046066000000000,AAPL,XNAS,1,1,0.9946761727333069,99,101.0,1
1749046066000000000,AAPL,XNAS,1,-1,0.9967436790466309,100,1.0,1
1749046066000000000,AAPL,XNAS,2,1,0.9946244955062866,99,100.0,1
1749046066000000000,AAPL,XNAS,2,-1,0.997002124786377,100,100.0,1
1749046067000000000,AAPL,XNAS,1,1,0.9947278499603271,99,102.0,1
1749046067000000000,AAPL,XNAS,1,-1,0.9967436790466309,100,1.0,1
1749046067000000000,AAPL,XNAS,2,1,0.9940559267997742,99,200.0,1
1749046067000000000,AAPL,XNAS,2,-1,0.997002124786377,100,100.0,1
1749046070000000000,AAPL,XNAS,1,1,0.9947278499603271,99,102.0,1
1749046070000000000,AAPL,XNAS,1,-1,0.9967436790466309,100,1.0,1
1749046070000000000,AAPL,XNAS,2,1,0.9940559267997742,99,100.0,1
1749046070000000000,AAPL,XNAS,2,-1,0.997002124786377,100,100.0,1
1749046071000000000,AAPL,XNAS,1,1,0.9947278499603271,99,222.0,1
1749046071000000000,AAPL,XNAS,1,-1,0.9967436790466309,100,1.0,1
1749046071000000000,AAPL,XNAS,2,1,0.9940559267997742,99,100.0,1
1749046071000000000,AAPL,XNAS,2,-1,0.997002124786377,100,100.0,1
1749046072000000000,AAPL,XNAS,1,1,0.9947278499603271,99,102.0,1
1749046072000000000,AAPL,XNAS,1,-1,0.9967436790466309,100,1.0,1
1749046072000000000,AAPL,XNAS,2,1,0.9940559267997742,99,100.0,1
1749046072000000000,AAPL,XNAS,2,-1,0.997002124786377,100,100.0,1
1749046073000000000,AAPL,XNAS,1,1,0.9947278499603271,99,122.0,1
1749046073000000000,AAPL,XNAS,1,-1,0.9967436790466309,100,1.0,1
1749046073000000000,AAPL,XNAS,2,1,0.9940559267997742,99,100.0,1
1749046073000000000,AAPL,XNAS,2,-1,0.997002124786377,100,100.0,1
1749046074000000000,AAPL,XNAS,1,1,0.9947278499603271,99,100.0,1
1749046074000000000,AAPL,XNAS,1,-1,0.9967436790466309,100,1.0,1
1749046074000000000,AAPL,XNAS,2,1,0.9931772351264954,99,23.0,1
1749046074000000000,AAPL,XNAS,2,-1,0.997002124786377,100,100.0,1
1749046078000000000,AAPL,XNAS,1,1,0.9947278499603271,99,100.0,1
1749046078000000000,AAPL,XNAS,1,-1,0.9967436790466309,100,1.0,1
1749046078000000000,AAPL,XNAS,2,1,0.9931772351264954,99,23.0,1
1749046078000000000,AAPL,XNAS,2,-1,0.997002124786377,100,100.0,1
1749046080000000000,AAPL,XNAS,1,1,0.9947278499603271,99,100.0,1
1749046080000000000,AAPL,XNAS,1,-1,0.9967436790466309,100,1.0,1
1749046080000000000,AAPL,XNAS,2,1,0.9931772351264954,99,23.0,1
1749046080000000000,AAPL,XNAS,2,-1,0.997002124786377,100,100.0,1
1749046081000000000,AAPL,XNAS,1,1,0.9947278499603271,99,100.0,1
1749046081000000000,AAPL,XNAS,1,-1,0.9957616329193115,100,2.0,1
1749046081000000000,AAPL,XNAS,2,1,0.9931772351264954,99,23.0,1
1749046081000000000,AAPL,XNAS,2,-1,0.996536910533905,100,115.0,1
1749046082000000000,AAPL,XNAS,1,1,0.993539035320282,99,415.0,3
1749046082000000000,AAPL,XNAS,1,-1,0.9957616329193115,100,5.0,1
1749046082000000000,AAPL,XNAS,2,1,0.9934873580932617,99,179.0,1
1749046082000000000,AAPL,XNAS,2,-1,0.996536910533905,100,16.0,1
1749046083000000000,AAPL,XNAS,1,1,0.993539035320282,99,310.0,2
1749046083000000000,AAPL,XNAS,1,-1,0.9957616329193115,100,2.0,1
1749046083000000000,AAPL,XNAS,2,1,0.9934873580932617,99,79.0,1
1749046083000000000,AAPL,XNAS,2,-1,0.996536910533905,100,16.0,1
1749046084000000000,AAPL,XNAS,1,1,0.9936941266059875,99,527.0,4
1749046084000000000,AAPL,XNAS,1,-1,0.9957616329193115,100,2.0,1
1749046084000000000,AAPL,XNAS,2,1,0.993539035320282,99,10.0,1
1749046084000000000,AAPL,XNAS,2,-1,0.996536910533905,100,16.0,1
1749046085000000000,AAPL,XNAS,1,1,0.9936941266059875,99,327.0,2
1749046085000000000,AAPL,XNAS,1,-1,0.9955548644065857,100,2.0,1
1749046085000000000,AAPL,XNAS,2,1,0.993539035320282,99,10.0,1
1749046085000000000,AAPL,XNAS,2,-1,0.996536910533905,100,16.0,1
1749046086000000000,AAPL,XNAS,1,1,0.9936941266059875,99,227.0,1
1749046086000000000,AAPL,XNAS,1,-1,0.9954515099525452,100,2.0,1
1749046086000000000,AAPL,XNAS,2,1,0.993539035320282,99,10.0,1
1749046086000000000,AAPL,XNAS,2,-1,0.996536910533905,100,16.0,1
1749046087000000000,AAPL,XNAS,1,1,0.9936941266059875,99,227.0,1
1749046087000000000,AAPL,XNAS,1,-1,0.9953480958938599,100,2.0,1
1749046087000000000,AAPL,XNAS,2,1,0.993539035320282,99,10.0,1
1749046087000000000,AAPL,XNAS,2,-1,0.9954515099525452,100,4.0,1
1749046088000000000,AAPL,XNAS,1,1,0.9936941266059875,99,227.0,1
1749046088000000000,AAPL,XNAS,1,-1,0.9952447414398193,100,2.0,1
1749046088000000000,AAPL,XNAS,2,1,0.993539035320282,99,10.0,1
1749046088000000000,AAPL,XNAS,2,-1,0.9954515099525452,100,4.0,1
1749046089000000000,AAPL,XNAS,1,1,0.9936941266059875,99,17.0,1
1749046089000000000,AAPL,XNAS,1,-1,0.9954515099525452,100,4.0,1
1749046089000000000,AAPL,XNAS,2,1,0.9934873580932617,99,61.0,1
1749046089000000000,AAPL,XNAS,2,-1,0.9960200786590576,100,15.0,1
1749046090000000000,AAPL,XNAS,1,1,0.9940559267997742,99,1.0,1
1749046090000000000,AAPL,XNAS,1,-1,0.9960200786590576,100,15.0,1
1749046090000000000,AAPL,XNAS,2,1,0.9936941266059875,99,17.0,1
1749046090000000000,AAPL,XNAS,2,-1,0.996536910533905,100,1.0,1
1749046091000000000,AAPL,XNAS,1,1,0.9940559267997742,99,1.0,1
1749046091000000000,AAPL,XNAS,1,-1,0.994934618473053,99,4.0,1
1749046091000000000,AAPL,XNAS,2,1,0.9936941266059875,99,12.0,1
1749046091000000000,AAPL,XNAS,2,-1,0.9951413869857788,100,1.0,1
1749046092000000000,AAPL,XNAS,1,1,0.9940559267997742,99,1.0,1
1749046092000000000,AAPL,XNAS,1,-1,0.994934618473053,99,4.0,1
1749046092000000000,AAPL,XNAS,2,1,0.9936941266059875,99,12.0,1
1749046092000000000,AAPL,XNAS,2,-1,0.9960200786590576,100,15.0,1
1749046093000000000,AAPL,XNAS,1,1,0.9940559267997742,99,1.0,1
1749046093000000000,AAPL,XNAS,1,-1,0.994934618473053,99,1.0,1
1749046093000000000,AAPL,XNAS,2,1,0.9936941266059875,99,12.0,1
1749046093000000000,AAPL,XNAS,2,-1,0.9960200786590576,100,15.0,1
1749046094000000000,AAPL,XNAS,1,1,0.9940559267997742,99,1.0,1
1749046094000000000,AAPL,XNAS,1,-1,0.994934618473053,99,1.0,1
1749046094000000000,AAPL,XNAS,2,1,0.9936941266059875,99,12.0,1
1749046094000000000,AAPL,XNAS,2,-1,0.9953998327255249,100,6.0,1
1749046095000000000,AAPL,XNAS,1,1,0.9935907125473022,99,240.0,2
1749046095000000000,AAPL,XNAS,1,-1,0.9953998327255249,100,21.0,1
1749046095000000000,AAPL,XNAS,2,1,0.9931255578994751,99,68.0,1
1749046095000000000,AAPL,XNAS,2,-1,0.996536910533905,100,1.0,1
1749046096000000000,AAPL,XNAS,1,1,0.9937974810600281,99,20.0,1
1749046096000000000,AAPL,XNAS,1,-1,0.9953998327255249,100,21.0,1
1749046096000000000,AAPL,XNAS,2,1,0.9935907125473022,99,200.0,1
1749046096000000000,AAPL,XNAS,2,-1,0.9960717558860779,100,100.0,1
1749046097000000000,AAPL,XNAS,1,1,0.9937974810600281,99,200.0,1
1749046097000000000,AAPL,XNAS,1,-1,0.9953998327255249,100,21.0,1
1749046097000000000,AAPL,XNAS,2,1,0.9935907125473022,99,100.0,1
1749046097000000000,AAPL,XNAS,2,-1,0.9960717558860779,100,1.0,1
1749046098000000000,AAPL,XNAS,1,1,0.9937974810600281,99,200.0,1
1749046098000000000,AAPL,XNAS,1,-1,0.9953998327255249,100,21.0,1
1749046098000000000,AAPL,XNAS,2,1,0.9935907125473022,99,100.0,1
1749046098000000000,AAPL,XNAS,2,-1,0.9960717558860779,100,201.0,1
1749046099000000000,AAPL,XNAS,1,1,0.9937974810600281,99,200.0,1
1749046099000000000,AAPL,XNAS,1,-1,0.9953998327255249,100,21.0,1
1749046099000000000,AAPL,XNAS,2,1,0.9935907125473022,99,100.0,1
1749046099000000000,AAPL,XNAS,2,-1,0.9960717558860779,100,101.0,1
1749046100000000000,AAPL,XNAS,1,1,0.9935907125473022,99,110.0,1
1749046100000000000,AAPL,XNAS,1,-1,0.9953998327255249,100,21.0,1
1749046100000000000,AAPL,XNAS,2,1,0.9931255578994751,99,68.0,1
1749046100000000000,AAPL,XNAS,2,-1,0.9960717558860779,100,201.0,1
1749046101000000000,AAPL,XNAS,1,1,0.9935907125473022,99,86.0,1
1749046101000000000,AAPL,XNAS,1,-1,0.9953998327255249,100,21.0,1
1749046101000000000,AAPL,XNAS,2,1,0.9931255578994751,99,68.0,1
1749046101000000000,AAPL,XNAS,2,-1,0.9960717558860779,100,101.0,1
1749046102000000000,AAPL,XNAS,1,1,0.9935907125473022,99,186.0,1
1749046102000000000,AAPL,XNAS,1,-1,0.9953998327255249,100,21.0,1
1749046102000000000,AAPL,XNAS,2,1,0.9931255578994751,99,68.0,1
1749046102000000000,AAPL,XNAS,2,-1,0.9960717558860779,100,101.0,1
1749046104000000000,AAPL,XNAS,1,1,0.9931255578994751,99,268.0,2
1749046104000000000,AAPL,XNAS,1,-1,0.9953998327255249,100,15.0,1
1749046104000000000,AAPL,XNAS,2,1,0.9930738806724548,99,2.0,1
1749046104000000000,AAPL,XNAS,2,-1,0.9960717558860779,100,1.0,1
1749046105000000000,AAPL,XNAS,1,1,0.9933840036392212,99,113.0,1
1749046105000000000,AAPL,XNAS,1,-1,0.9953998327255249,100,15.0,1
1749046105000000000,AAPL,XNAS,2,1,0.9931255578994751,99,168.0,1
1749046105000000000,AAPL,XNAS,2,-1,0.9960717558860779,100,1.0,1
1749046106000000000,AAPL,XNAS,1,1,0.9933840036392212,99,100.0,1
1749046106000000000,AAPL,XNAS,1,-1,0.9953998327255249,100,15.0,1
1749046106000000000,AAPL,XNAS,2,1,0.9931255578994751,99,168.0,1
1749046106000000000,AAPL,XNAS,2,-1,0.9960717558860779,100,1.0,1
1749046108000000000,AAPL,XNAS,1,1,0.9933840036392212,99,100.0,1
1749046108000000000,AAPL,XNAS,1,-1,0.9953998327255249,100,15.0,1
1749046108000000000,AAPL,XNAS,2,1,0.9931255578994751,99,168.0,1
1749046108000000000,AAPL,XNAS,2,-1,0.9960717558860779,100,16.0,1
1749046112000000000,AAPL,XNAS,1,1,0.9916266202926636,99,100.0,1
1749046112000000000,AAPL,XNAS,1,-1,0.9951930642127991,100,6.0,1
1749046112000000000,AAPL,XNAS,2,1,0.9905411601066589,99,52.0,1
1749046112000000000,AAPL,XNAS,2,-1,0.9953998327255249,100,15.0,1
1749046113000000000,AAPL,XNAS,1,1,0.9916782975196838,99,250.0,2
1749046113000000000,AAPL,XNAS,1,-1,0.9944177269935608,99,2.0,1
1749046113000000000,AAPL,XNAS,2,1,0.9916266202926636,99,28.0,1
1749046113000000000,AAPL,XNAS,2,-1,0.9951930642127991,100,6.0,1
1749046114000000000,AAPL,XNAS,1,1,0.9916782975196838,99,225.0,1
1749046114000000000,AAPL,XNAS,1,-1,0.9944177269935608,99,1.0,1
1749046114000000000,AAPL,XNAS,2,1,0.9916266202926636,99,28.0,1
1749046114000000000,AAPL,XNAS,2,-1,0.9951930642127991,100,6.0,1
1749046115000000000,AAPL,XNAS,1,1,0.9928154349327087,99,100.0,1
1749046115000000000,AAPL,XNAS,1,-1,0.9944177269935608,99,1.0,1
1749046115000000000,AAPL,XNAS,2,1,0.9916782975196838,99,125.0,1
1749046115000000000,AAPL,XNAS,2,-1,0.9951930642127991,100,6.0,1
1749046116000000000,AAPL,XNAS,1,1,0.9928154349327087,99,200.0,1
1749046116000000000,AAPL,XNAS,1,-1,0.9944177269935608,99,1.0,1
1749046116000000000,AAPL,XNAS,2,1,0.9916782975196838,99,125.0,1
1749046116000000000,AAPL,XNAS,2,-1,0.9951930642127991,100,6.0,1
1749046133000000000,AAPL,XNAS,1,1,0.9928154349327087,99,300.0,2
1749046133000000000,AAPL,XNAS,1,-1,0.9944177269935608,99,1.0,1
1749046133000000000,AAPL,XNAS,2,1,0.9916782975196838,99,125.0,1
1749046133000000000,AAPL,XNAS,2,-1,0.9951930642127991,100,6.0,1
1749046149000000000,AAPL,XNAS,1,1,0.992867112159729,99,400.0,3
1749046149000000000,AAPL,XNAS,1,-1,0.9944177269935608,99,1.0,1
1749046149000000000,AAPL,XNAS,2,1,0.9928154349327087,99,100.0,1
1749046149000000000,AAPL,XNAS,2,-1,0.9951930642127991,100,7.0,1
1749046152000000000,AAPL,XNAS,1,1,0.992867112159729,99,400.0,3
1749046152000000000,AAPL,XNAS,1,-1,0.9944177269935608,99,1.0,1
1749046152000000000,AAPL,XNAS,2,1,0.9928154349327087,99,100.0,1
1749046152000000000,AAPL,XNAS,2,-1,0.9951930642127991,100,7.0,1
1749046155000000000,AAPL,XNAS,1,1,0.992867112159729,99,400.0,3
1749046155000000000,AAPL,XNAS,1,-1,0.9944177269935608,99,1.0,1
1749046155000000000,AAPL,XNAS,2,1,0.9928154349327087,99,100.0,1
1749046155000000000,AAPL,XNAS,2,-1,0.9951930642127991,100,6.0,1
1749046156000000000,AAPL,XNAS,1,1,0.9929704666137695,99,100.0,1
1749046156000000000,AAPL,XNAS,1,-1,0.9944177269935608,99,1.0,1
1749046156000000000,AAPL,XNAS,2,1,0.992867112159729,99,300.0,2
1749046156000000000,AAPL,XNAS,2,-1,0.9951930642127991,100,7.0,1
1749046157000000000,AAPL,XNAS,1,1,0.9929704666137695,99,100.0,1
1749046157000000000,AAPL,XNAS,1,-1,0.9944177269935608,99,1.0,1
1749046157000000000,AAPL,XNAS,2,1,0.992867112159729,99,300.0,2
1749046157000000000,AAPL,XNAS,2,-1,0.9951930642127991,100,6.0,1
1749046163000000000,AAPL,XNAS,1,1,0.9929704666137695,99,100.0,1
1749046163000000000,AAPL,XNAS,1,-1,0.9944177269935608,99,1.0,1
1749046163000000000,AAPL,XNAS,2,1,0.992867112159729,99,300.0,2
1749046163000000000,AAPL,XNAS,2,-1,0.9951413869857788,100,100.0,1
1749046166000000000,AAPL,XNAS,1,1,0.9930222034454346,99,100.0,1
1749046166000000000,AAPL,XNAS,1,-1,0.9944177269935608,99,7.0,1
1749046166000000000,AAPL,XNAS,2,1,0.992867112159729,99,300.0,2
1749046166000000000,AAPL,XNAS,2,-1,0.9951413869857788,100,100.0,1
1749046169000000000,AAPL,XNAS,1,1,0.9930222034454346,99,100.0,1
1749046169000000000,AAPL,XNAS,1,-1,0.9944177269935608,99,7.0,1
1749046169000000000,AAPL,XNAS,2,1,0.992867112159729,99,300.0,2
1749046169000000000,AAPL,XNAS,2,-1,0.9950379729270935,100,100.0,1
1749046170000000000,AAPL,XNAS,1,1,0.9930222034454346,99,100.0,1
1749046170000000000,AAPL,XNAS,1,-1,0.9944177269935608,99,8.0,1
1749046170000000000,AAPL,XNAS,2,1,0.992867112159729,99,300.0,2
1749046170000000000,AAPL,XNAS,2,-1,0.9950379729270935,100,100.0,1
1749046171000000000,AAPL,XNAS,1,1,0.9930222034454346,99,100.0,1
1749046171000000000,AAPL,XNAS,1,-1,0.9944177269935608,99,108.0,1
1749046171000000000,AAPL,XNAS,2,1,0.992867112159729,99,300.0,2
1749046171000000000,AAPL,XNAS,2,-1,0.9950379729270935,100,100.0,1
1749046172000000000,AAPL,XNAS,1,1,0.9930222034454346,99,100.0,1
1749046172000000000,AAPL,XNAS,1,-1,0.9944177269935608,99,109.0,1
1749046172000000000,AAPL,XNAS,2,1,0.992867112159729,99,300.0,2
1749046172000000000,AAPL,XNAS,2,-1,0.9950379729270935,100,100.0,1
1749046173000000000,AAPL,XNAS,1,1,0.9930222034454346,99,101.0,1
1749046173000000000,AAPL,XNAS,1,-1,0.9944177269935608,99,109.0,1
1749046173000000000,AAPL,XNAS,2,1,0.992867112159729,99,300.0,2
1749046173000000000,AAPL,XNAS,2,-1,0.9945211410522461,99,20.0,1
1749046177000000000,AAPL,XNAS,1,1,0.9930222034454346,99,101.0,1
1749046177000000000,AAPL,XNAS,1,-1,0.9944177269935608,99,209.0,1
1749046177000000000,AAPL,XNAS,2,1,0.992867112159729,99,300.0,2
1749046177000000000,AAPL,XNAS,2,-1,0.9945211410522461,99,20.0,1
1749046180000000000,AAPL,XNAS,1,1,0.9930222034454346,99,101.0,1
1749046180000000000,AAPL,XNAS,1,-1,0.9943143725395203,99,2.0,1
1749046180000000000,AAPL,XNAS,2,1,0.992867112159729,99,200.0,1
1749046180000000000,AAPL,XNAS,2,-1,0.9944177269935608,99,206.0,1
1749046181000000000,AAPL,XNAS,1,1,0.992867112159729,99,103.0,1
1749046181000000000,AAPL,XNAS,1,-1,0.9940042495727539,99,3.0,1
1749046181000000000,AAPL,XNAS,2,1,0.991264820098877,99,127.0,1
1749046181000000000,AAPL,XNAS,2,-1,0.9943143725395203,99,2.0,1
1749046182000000000,AAPL,XNAS,1,1,0.9913164973258972,99,300.0,2
1749046182000000000,AAPL,XNAS,1,-1,0.9940042495727539,99,3.0,1
1749046182000000000,AAPL,XNAS,2,1,0.991264820098877,99,152.0,1
1749046182000000000,AAPL,XNAS,2,-1,0.9943143725395203,99,1.0,1
1749046183000000000,AAPL,XNAS,1,1,0.9913681745529175,99,125.0,1
1749046183000000000,AAPL,XNAS,1,-1,0.9934356808662415,99,1.0,1
1749046183000000000,AAPL,XNAS,2,1,0.991264820098877,99,52.0,1
1749046183000000000,AAPL,XNAS,2,-1,0.9937458038330078,99,1.0,1
1749046184000000000,AAPL,XNAS,1,1,0.9913681745529175,99,125.0,1
1749046184000000000,AAPL,XNAS,1,-1,0.9934356808662415,99,1.0,1
1749046184000000000,AAPL,XNAS,2,1,0.991264820098877,99,52.0,1
1749046184000000000,AAPL,XNAS,2,-1,0.9939008355140686,99,1.0,1
1749046185000000000,AAPL,XNAS,1,1,0.9913681745529175,99,125.0,1
1749046185000000000,AAPL,XNAS,1,-1,0.9937974810600281,99,1.0,1
1749046185000000000,AAPL,XNAS,2,1,0.991264820098877,99,52.0,1
1749046185000000000,AAPL,XNAS,2,-1,0.9939008355140686,99,100.0,1
1749046186000000000,AAPL,XNAS,1,1,0.9916266202926636,99,200.0,1
1749046186000000000,AAPL,XNAS,1,-1,0.9930222034454346,99,1.0,1
1749046186000000000,AAPL,XNAS,2,1,0.9915749430656433,99,52.0,1
1749046186000000000,AAPL,XNAS,2,-1,0.9936424493789673,99,100.0,1
1749046187000000000,AAPL,XNAS,1,1,0.9916266202926636,99,200.0,1
1749046187000000000,AAPL,XNAS,1,-1,0.9936424493789673,99,100.0,1
1749046187000000000,AAPL,XNAS,2,1,0.9915749430656433,99,52.0,1
1749046187000000000,AAPL,XNAS,2,-1,0.9937974810600281,99,35.0,1
1749046188000000000,AAPL,XNAS,1,1,0.9916782975196838,99,125.0,1
1749046188000000000,AAPL,XNAS,1,-1,0.9937974810600281,99,35.0,1
1749046188000000000,AAPL,XNAS,2,1,0.9916266202926636,99,100.0,1
1749046188000000000,AAPL,XNAS,2,-1,0.9939525723457336,99,100.0,1
1749046189000000000,AAPL,XNAS,1,1,0.9919884204864502,99,200.0,1
1749046189000000000,AAPL,XNAS,1,-1,0.9936424493789673,99,9.0,1
1749046189000000000,AAPL,XNAS,2,1,0.9916782975196838,99,122.0,1
1749046189000000000,AAPL,XNAS,2,-1,0.9936941266059875,99,6.0,1
1749046190000000000,AAPL,XNAS,1,1,0.9919884204864502,99,200.0,1
1749046190000000000,AAPL,XNAS,1,-1,0.9936424493789673,99,9.0,1
1749046190000000000,AAPL,XNAS,2,1,0.9916782975196838,99,100.0,1
1749046190000000000,AAPL,XNAS,2,-1,0.9936941266059875,99,6.0,1
1749046191000000000,AAPL,XNAS,1,1,0.9919884204864502,99,300.0,2
1749046191000000000,AAPL,XNAS,1,-1,0.9936424493789673,99,10.0,1
1749046191000000000,AAPL,XNAS,2,1,0.9915749430656433,99,52.0,1
1749046191000000000,AAPL,XNAS,2,-1,0.9936941266059875,99,6.0,1
1749046192000000000,AAPL,XNAS,1,1,0.9919884204864502,99,300.0,2
1749046192000000000,AAPL,XNAS,1,-1,0.9936424493789673,99,9.0,1
1749046192000000000,AAPL,XNAS,2,1,0.9915749430656433,99,52.0,1
1749046192000000000,AAPL,XNAS,2,-1,0.9936941266059875,99,6.0,1
1749046193000000000,AAPL,XNAS,1,1,0.992195188999176,99,100.0,1
1749046193000000000,AAPL,XNAS,1,-1,0.9936424493789673,99,10.0,1
1749046193000000000,AAPL,XNAS,2,1,0.9919884204864502,99,100.0,1
1749046193000000000,AAPL,XNAS,2,-1,0.9936941266059875,99,6.0,1
1749046194000000000,AAPL,XNAS,1,1,0.991264820098877,99,100.0,1
1749046194000000000,AAPL,XNAS,1,-1,0.9930738806724548,99,20.0,1
1749046194000000000,AAPL,XNAS,2,1,0.9904894828796387,99,67.0,1
1749046194000000000,AAPL,XNAS,2,-1,0.9934873580932617,99,200.0,1
1749046195000000000,AAPL,XNAS,1,1,0.9905411601066589,99,52.0,1
1749046195000000000,AAPL,XNAS,1,-1,0.9930738806724548,99,121.0,1
1749046195000000000,AAPL,XNAS,2,1,0.9904894828796387,99,167.0,1
1749046195000000000,AAPL,XNAS,2,-1,0.9931255578994751,99,100.0,1
1749046196000000000,AAPL,XNAS,1,1,0.9905411601066589,99,52.0,1
1749046196000000000,AAPL,XNAS,1,-1,0.9927120208740234,99,1.0,1
1749046196000000000,AAPL,XNAS,2,1,0.9904894828796387,99,167.0,1
1749046196000000000,AAPL,XNAS,2,-1,0.9930738806724548,99,320.0,2
1749046197000000000,AAPL,XNAS,1,1,0.9909546971321106,99,153.0,1
1749046197000000000,AAPL,XNAS,1,-1,0.9924018979072571,99,1.0,1
1749046197000000000,AAPL,XNAS,2,1,0.9909029603004456,99,52.0,1
1749046197000000000,AAPL,XNAS,2,-1,0.9924536347389221,99,1.0,1
1749046198000000000,AAPL,XNAS,1,1,0.9909546971321106,99,53.0,1
1749046198000000000,AAPL,XNAS,1,-1,0.992195188999176,99,1.0,1
1749046198000000000,AAPL,XNAS,2,1,0.9909029603004456,99,52.0,1
1749046198000000000,AAPL,XNAS,2,-1,0.9924018979072571,99,1.0,1
1749046199000000000,AAPL,XNAS,1,1,0.9912130832672119,99,52.0,1
1749046199000000000,AAPL,XNAS,1,-1,0.9925053119659424,99,57.0,1
1749046199000000000,AAPL,XNAS,2,1,0.9911097288131714,99,85.0,1
1749046199000000000,AAPL,XNAS,2,-1,0.992867112159729,99,100.0,1
1749046200000000000,AAPL,XNAS,1,1,0.9995388388633728,100,102.0,1
1749046200000000000,AAPL,XNAS,1,-1,1.000614881515503,100,27.0,1
1749046200000000000,AAPL,XNAS,2,1,0.999487578868866,100,200.0,1
1749046200000000000,AAPL,XNAS,2,-1,1.0006661415100098,100,17.0,1
1749046201000000000,AAPL,XNAS,1,1,0.9995388388633728,100,102.0,1
1749046201000000000,AAPL,XNAS,1,-1,1.000614881515503,100,26.0,1
1749046201000000000,AAPL,XNAS,2,1,0.999487578868866,100,200.0,1
1749046201000000000,AAPL,XNAS,2,-1,1.0006661415100098,100,17.0,1
1749046206000000000,AAPL,XNAS,1,1,0.9995388388633728,100,302.0,2
1749046206000000000,AAPL,XNAS,1,-1,1.000614881515503,100,26.0,1
1749046206000000000,AAPL,XNAS,2,1,0.9993338584899902,100,100.0,1
1749046206000000000,AAPL,XNAS,2,-1,1.0006661415100098,100,17.0,1
1749046209000000000,AAPL,XNAS,1,1,0.9995388388633728,100,202.0,1
1749046209000000000,AAPL,XNAS,1,-1,1.000614881515503,100,26.0,1
1749046209000000000,AAPL,XNAS,2,1,0.9993338584899902,100,100.0,1
1749046209000000000,AAPL,XNAS,2,-1,1.0006661415100098,100,17.0,1
1749046210000000000,AAPL,XNAS,1,1,0.9995388388633728,100,201.0,1
1749046210000000000,AAPL,XNAS,1,-1,1.000614881515503,100,26.0,1
1749046210000000000,AAPL,XNAS,2,1,0.9993338584899902,100,100.0,1
1749046210000000000,AAPL,XNAS,2,-1,1.0006661415100098,100,17.0,1
1749046215000000000,AAPL,XNAS,1,1,0.9995388388633728,100,201.0,1
1749046215000000000,AAPL,XNAS,1,-1,1.000614881515503,100,226.0,1
1749046215000000000,AAPL,XNAS,2,1,0.9993338584899902,100,100.0,1
1749046215000000000,AAPL,XNAS,2,-1,1.0006661415100098,100,17.0,1
1749046221000000000,AAPL,XNAS,1,1,0.9995388388633728,100,201.0,1
1749046221000000000,AAPL,XNAS,1,-1,1.000614881515503,100,334.0,2
1749046221000000000,AAPL,XNAS,2,1,0.9993338584899902,100,100.0,1
1749046221000000000,AAPL,XNAS,2,-1,1.0006661415100098,100,17.0,1
1749046222000000000,AAPL,XNAS,1,1,0.9995388388633728,100,201.0,1
1749046222000000000,AAPL,XNAS,1,-1,1.000614881515503,100,326.0,2
1749046222000000000,AAPL,XNAS,2,1,0.9993338584899902,100,100.0,1
1749046222000000000,AAPL,XNAS,2,-1,1.0006661415100098,100,17.0,1
1749046224000000000,AAPL,XNAS,1,1,0.9995388388633728,100,301.0,2
1749046224000000000,AAPL,XNAS,1,-1,1.000614881515503,100,326.0,2
1749046224000000000,AAPL,XNAS,2,1,0.9993338584899902,100,102.0,1
1749046224000000000,AAPL,XNAS,2,-1,1.0006661415100098,100,17.0,1
1749046227000000000,AAPL,XNAS,1,1,0.9995388388633728,100,201.0,1
1749046227000000000,AAPL,XNAS,1,-1,1.000614881515503,100,326.0,2
1749046227000000000,AAPL,XNAS,2,1,0.9993338584899902,100,100.0,1
1749046227000000000,AAPL,XNAS,2,-1,1.0006661415100098,100,17.0,1
1749046236000000000,AAPL,XNAS,1,1,0.9995388388633728,100,200.0,1
1749046236000000000,AAPL,XNAS,1,-1,1.000614881515503,100,326.0,2
1749046236000000000,AAPL,XNAS,2,1,0.9993338584899902,100,100.0,1
1749046236000000000,AAPL,XNAS,2,-1,1.0006661415100098,100,17.0,1
1749046237000000000,AAPL,XNAS,1,1,0.9995388388633728,100,200.0,1
1749046237000000000,AAPL,XNAS,1,-1,1.0001025199890137,100,1.0,1
1749046237000000000,AAPL,XNAS,2,1,0.9993338584899902,100,100.0,1
1749046237000000000,AAPL,XNAS,2,-1,1.000614881515503,100,326.0,2
1749046238000000000,AAPL,XNAS,1,1,0.9995388388633728,100,200.0,1
1749046238000000000,AAPL,XNAS,1,-1,1.000614881515503,100,326.0,2
1749046238000000000,AAPL,XNAS,2,1,0.9993338584899902,100,100.0,1
1749046238000000000,AAPL,XNAS,2,-1,1.0006661415100098,100,17.0,1
1749046249000000000,AAPL,XNAS,1,1,0.9995388388633728,100,200.0,1
1749046249000000000,AAPL,XNAS,1,-1,1.000614881515503,100,326.0,2
1749046249000000000,AAPL,XNAS,2,1,0.9993338584899902,100,102.0,1
1749046249000000000,AAPL,XNAS,2,-1,1.0006661415100098,100,17.0,1
1749046250000000000,AAPL,XNAS,1,1,0.9995388388633728,100,200.0,1
1749046250000000000,AAPL,XNAS,1,-1,1.0004611015319824,100,149.0,1
1749046250000000000,AAPL,XNAS,2,1,0.9993338584899902,100,102.0,1
1749046250000000000,AAPL,XNAS,2,-1,1.000614881515503,100,326.0,2
1749046251000000000,AAPL,XNAS,1,1,0.9995388388633728,100,200.0,1
1749046251000000000,AAPL,XNAS,1,-1,1.0004611015319824,100,250.0,2
1749046251000000000,AAPL,XNAS,2,1,0.9993338584899902,100,102.0,1
1749046251000000000,AAPL,XNAS,2,-1,1.000614881515503,100,126.0,1
1749046252000000000,AAPL,XNAS,1,1,0.9995388388633728,100,200.0,1
1749046252000000000,AAPL,XNAS,1,-1,1.0004611015319824,100,328.0,2
1749046252000000000,AAPL,XNAS,2,1,0.9993338584899902,100,102.0,1
1749046252000000000,AAPL,XNAS,2,-1,1.000614881515503,100,26.0,1
1749046255000000000,AAPL,XNAS,1,1,0.9995388388633728,100,200.0,1
1749046255000000000,AAPL,XNAS,1,-1,1.0004611015319824,100,301.0,2
1749046255000000000,AAPL,XNAS,2,1,0.9993338584899902,100,102.0,1
1749046255000000000,AAPL,XNAS,2,-1,1.000614881515503,100,26.0,1
1749046256000000000,AAPL,XNAS,1,1,0.9995388388633728,100,200.0,1
1749046256000000000,AAPL,XNAS,1,-1,1.0001025199890137,100,1.0,1
1749046256000000000,AAPL,XNAS,2,1,0.9993338584899902,100,102.0,1
1749046256000000000,AAPL,XNAS,2,-1,1.0004611015319824,100,301.0,2
1749046257000000000,AAPL,XNAS,1,1,0.9995388388633728,100,200.0,1
1749046257000000000,AAPL,XNAS,1,-1,1.0001025199890137,100,2.0,1
1749046257000000000,AAPL,XNAS,2,1,0.9993338584899902,100,102.0,1
1749046257000000000,AAPL,XNAS,2,-1,1.0004611015319824,100,301.0,2
1749046259000000000,AAPL,XNAS,1,1,0.9995388388633728,100,196.0,1
1749046259000000000,AAPL,XNAS,1,-1,1.0001025199890137,100,2.0,1
1749046259000000000,AAPL,XNAS,2,1,0.9993338584899902,100,102.0,1
1749046259000000000,AAPL,XNAS,2,-1,1.0004611015319824,100,301.0,2
1749046262000000000,AAPL,XNAS,1,1,0.9986677765846252,100,4.0,1
1749046262000000000,AAPL,XNAS,1,-1,0.9993338584899902,100,20.0,1
1749046262000000000,AAPL,XNAS,2,1,0.9977454543113708,100,200.0,1
1749046262000000000,AAPL,XNAS,2,-1,0.9995388388633728,100,100.0,1
1749046263000000000,AAPL,XNAS,1,1,0.998821496963501,100,103.0,1
1749046263000000000,AAPL,XNAS,1,-1,0.9992826581001282,100,1.0,1
1749046263000000000,AAPL,XNAS,2,1,0.9978991746902466,100,27.0,1
1749046263000000000,AAPL,XNAS,2,-1,0.9993338584899902,100,20.0,1
1749046264000000000,AAPL,XNAS,1,1,0.998821496963501,100,103.0,1
1749046264000000000,AAPL,XNAS,1,-1,0.9993338584899902,100,20.0,1
1749046264000000000,AAPL,XNAS,2,1,0.9980528950691223,100,100.0,1
1749046264000000000,AAPL,XNAS,2,-1,0.9995388388633728,100,127.0,1
1749046266000000000,AAPL,XNAS,1,1,0.998821496963501,100,3.0,1
1749046266000000000,AAPL,XNAS,1,-1,0.9993338584899902,100,20.0,1
1749046266000000000,AAPL,XNAS,2,1,0.9980528950691223,100,100.0,1
1749046266000000000,AAPL,XNAS,2,-1,0.9995388388633728,100,127.0,1
1749046270000000000,AAPL,XNAS,1,1,0.998821496963501,100,3.0,1
1749046270000000000,AAPL,XNAS,1,-1,0.9993338584899902,100,20.0,1
1749046270000000000,AAPL,XNAS,2,1,0.9980528950691223,100,100.0,1
1749046270000000000,AAPL,XNAS,2,-1,0.9995388388633728,100,123.0,1
1749046271000000000,AAPL,XNAS,1,1,0.998821496963501,100,3.0,1
1749046271000000000,AAPL,XNAS,1,-1,0.9992826581001282,100,8.0,1
1749046271000000000,AAPL,XNAS,2,1,0.9980528950691223,100,100.0,1
1749046271000000000,AAPL,XNAS,2,-1,0.9993338584899902,100,24.0,1
1749046272000000000,AAPL,XNAS,1,1,0.998872697353363,100,102.0,1
1749046272000000000,AAPL,XNAS,1,-1,0.9992826581001282,100,8.0,1
1749046272000000000,AAPL,XNAS,2,1,0.998821496963501,100,100.0,1
1749046272000000000,AAPL,XNAS,2,-1,0.9993338584899902,100,24.0,1
1749046273000000000,AAPL,XNAS,1,1,0.998872697353363,100,102.0,1
1749046273000000000,AAPL,XNAS,1,-1,0.9992826581001282,100,7.0,1
1749046273000000000,AAPL,XNAS,2,1,0.998821496963501,100,100.0,1
1749046273000000000,AAPL,XNAS,2,-1,0.9993338584899902,100,24.0,1
1749046281000000000,AAPL,XNAS,1,1,0.9991289377212524,100,100.0,1
1749046281000000000,AAPL,XNAS,1,-1,0.9994363784790039,100,100.0,1
1749046281000000000,AAPL,XNAS,2,1,0.998872697353363,100,105.0,1
1749046281000000000,AAPL,XNAS,2,-1,0.9995388388633728,100,123.0,1
1749046282000000000,AAPL,XNAS,1,1,0.9989752173423767,100,2.0,1
1749046282000000000,AAPL,XNAS,1,-1,0.9994363784790039,100,100.0,1
1749046282000000000,AAPL,XNAS,2,1,0.998872697353363,100,100.0,1
1749046282000000000,AAPL,XNAS,2,-1,0.9995388388633728,100,123.0,1
1749046283000000000,AAPL,XNAS,1,1,0.9989752173423767,100,2.0,1
1749046283000000000,AAPL,XNAS,1,-1,0.9994363784790039,100,101.0,1
1749046283000000000,AAPL,XNAS,2,1,0.998872697353363,100,100.0,1
1749046283000000000,AAPL,XNAS,2,-1,0.9995388388633728,100,123.0,1
1749046295000000000,AAPL,XNAS,1,1,0.9989752173423767,100,2.0,1
1749046295000000000,AAPL,XNAS,1,-1,0.9994363784790039,100,201.0,1
1749046295000000000,AAPL,XNAS,2,1,0.998872697353363,100,100.0,1
1749046295000000000,AAPL,XNAS,2,-1,0.9995388388633728,100,23.0,1
1749046316000000000,AAPL,XNAS,1,1,0.9989752173423767,100,2.0,1
1749046316000000000,AAPL,XNAS,1,-1,0.9994363784790039,100,201.0,1
1749046316000000000,AAPL,XNAS,2,1,0.998872697353363,100,200.0,1
1749046316000000000,AAPL,XNAS,2,-1,0.9995388388633728,100,23.0,1
1749046319000000000,AAPL,XNAS,1,1,0.9990264177322388,100,102.0,1
1749046319000000000,AAPL,XNAS,1,-1,0.9995388388633728,100,23.0,1
1749046319000000000,AAPL,XNAS,2,1,0.998872697353363,100,200.0,1
1749046319000000000,AAPL,XNAS,2,-1,0.9995900988578796,100,11.0,1
1749046320000000000,AAPL,XNAS,1,1,0.9990264177322388,100,2.0,1
1749046320000000000,AAPL,XNAS,1,-1,0.9995388388633728,100,23.0,1
1749046320000000000,AAPL,XNAS,2,1,0.998872697353363,100,202.0,1
1749046320000000000,AAPL,XNAS,2,-1,0.9995900988578796,100,11.0,1
1749046322000000000,AAPL,XNAS,1,1,0.9990264177322388,100,2.0,1
1749046322000000000,AAPL,XNAS,1,-1,0.9995388388633728,100,23.0,1
1749046322000000000,AAPL,XNAS,2,1,0.998872697353363,100,302.0,2
1749046322000000000,AAPL,XNAS,2,-1,0.9995900988578796,100,11.0,1
1749046328000000000,AAPL,XNAS,1,1,0.9990264177322388,100,2.0,1
1749046328000000000,AAPL,XNAS,1,-1,0.9995388388633728,100,14.0,1
1749046328000000000,AAPL,XNAS,2,1,0.998872697353363,100,302.0,2
1749046328000000000,AAPL,XNAS,2,-1,0.9995900988578796,100,11.0,1
1749046329000000000,AAPL,XNAS,1,1,0.9990264177322388,100,2.0,1
1749046329000000000,AAPL,XNAS,1,-1,0.9995900988578796,100,11.0,1
1749046329000000000,AAPL,XNAS,2,1,0.998872697353363,100,302.0,2
1749046329000000000,AAPL,XNAS,2,-1,0.9996412992477417,100,106.0,1
1749046331000000000,AAPL,XNAS,1,1,0.9990264177322388,100,2.0,1
1749046331000000000,AAPL,XNAS,1,-1,0.9995388388633728,100,14.0,1
1749046331000000000,AAPL,XNAS,2,1,0.998872697353363,100,302.0,2
1749046331000000000,AAPL,XNAS,2,-1,0.9995900988578796,100,11.0,1
1749046334000000000,AAPL,XNAS,1,1,0.9990264177322388,100,2.0,1
1749046334000000000,AAPL,XNAS,1,-1,0.9995900988578796,100,11.0,1
1749046334000000000,AAPL,XNAS,2,1,0.998872697353363,100,302.0,2
1749046334000000000,AAPL,XNAS,2,-1,0.9996412992477417,100,6.0,1
1749046337000000000,AAPL,XNAS,1,1,0.9990264177322388,100,2.0,1
1749046337000000000,AAPL,XNAS,1,-1,0.9995388388633728,100,14.0,1
1749046337000000000,AAPL,XNAS,2,1,0.998872697353363,100,302.0,2
1749046337000000000,AAPL,XNAS,2,-1,0.9995900988578796,100,11.0,1
1749046338000000000,AAPL,XNAS,1,1,0.9990264177322388,100,2.0,1
1749046338000000000,AAPL,XNAS,1,-1,0.9995900988578796,100,11.0,1
1749046338000000000,AAPL,XNAS,2,1,0.998872697353363,100,302.0,2
1749046338000000000,AAPL,XNAS,2,-1,0.9996412992477417,100,6.0,1
1749046339000000000,AAPL,XNAS,1,1,0.9990264177322388,100,2.0,1
1749046339000000000,AAPL,XNAS,1,-1,0.9995388388633728,100,14.0,1
1749046339000000000,AAPL,XNAS,2,1,0.998872697353363,100,302.0,2
1749046339000000000,AAPL,XNAS,2,-1,0.9995900988578796,100,11.0,1
1749046342000000000,AAPL,XNAS,1,1,0.9990264177322388,100,2.0,1
1749046342000000000,AAPL,XNAS,1,-1,0.9995900988578796,100,11.0,1
1749046342000000000,AAPL,XNAS,2,1,0.998872697353363,100,300.0,2
1749046342000000000,AAPL,XNAS,2,-1,0.9996412992477417,100,6.0,1
1749046343000000000,AAPL,XNAS,1,1,0.9990264177322388,100,2.0,1
1749046343000000000,AAPL,XNAS,1,-1,0.9995388388633728,100,14.0,1
1749046343000000000,AAPL,XNAS,2,1,0.998872697353363,100,302.0,2
1749046343000000000,AAPL,XNAS,2,-1,0.9995900988578796,100,11.0,1
1749046346000000000,AAPL,XNAS,1,1,0.9990264177322388,100,2.0,1
1749046346000000000,AAPL,XNAS,1,-1,0.9995900988578796,100,11.0,1
1749046346000000000,AAPL,XNAS,2,1,0.998872697353363,100,302.0,2
1749046346000000000,AAPL,XNAS,2,-1,0.9996412992477417,100,6.0,1
1749046347000000000,AAPL,XNAS,1,1,0.9990264177322388,100,2.0,1
1749046347000000000,AAPL,XNAS,1,-1,0.9995388388633728,100,14.0,1
1749046347000000000,AAPL,XNAS,2,1,0.998872697353363,100,302.0,2
1749046347000000000,AAPL,XNAS,2,-1,0.9995900988578796,100,11.0,1
1749046348000000000,AAPL,XNAS,1,1,0.9990264177322388,100,2.0,1
1749046348000000000,AAPL,XNAS,1,-1,0.9995900988578796,100,11.0,1
1749046348000000000,AAPL,XNAS,2,1,0.998872697353363,100,302.0,2
1749046348000000000,AAPL,XNAS,2,-1,0.9996412992477417,100,6.0,1
1749046349000000000,AAPL,XNAS,1,1,0.9990264177322388,100,2.0,1
1749046349000000000,AAPL,XNAS,1,-1,0.9995900988578796,100,11.0,1
1749046349000000000,AAPL,XNAS,2,1,0.998872697353363,100,300.0,2
1749046349000000000,AAPL,XNAS,2,-1,0.9996412992477417,100,6.0,1
1749046351000000000,AAPL,XNAS,1,1,0.9990264177322388,100,2.0,1
1749046351000000000,AAPL,XNAS,1,-1,0.9995900988578796,100,11.0,1
1749046351000000000,AAPL,XNAS,2,1,0.998872697353363,100,302.0,2
1749046351000000000,AAPL,XNAS,2,-1,0.9996412992477417,100,6.0,1
1749046355000000000,AAPL,XNAS,1,1,0.9993338584899902,100,100.0,1
1749046355000000000,AAPL,XNAS,1,-1,0.9998462796211243,100,15.0,1
1749046355000000000,AAPL,XNAS,2,1,0.9990264177322388,100,2.0,1
1749046355000000000,AAPL,XNAS,2,-1,1.0000512599945068,100,100.0,1
1749046356000000000,AAPL,XNAS,1,1,0.9993338584899902,100,100.0,1
1749046356000000000,AAPL,XNAS,1,-1,0.9998462796211243,100,1.0,1
1749046356000000000,AAPL,XNAS,2,1,0.9990264177322388,100,2.0,1
1749046356000000000,AAPL,XNAS,2,-1,1.0000512599945068,100,100.0,1
1749046357000000000,AAPL,XNAS,1,1,0.9993338584899902,100,100.0,1
1749046357000000000,AAPL,XNAS,1,-1,0.9998462796211243,100,15.0,1
1749046357000000000,AAPL,XNAS,2,1,0.9990264177322388,100,2.0,1
1749046357000000000,AAPL,XNAS,2,-1,1.0000512599945068,100,100.0,1
1749046360000000000,AAPL,XNAS,1,1,0.9993338584899902,100,100.0,1
1749046360000000000,AAPL,XNAS,1,-1,0.9998462796211243,100,15.0,1
1749046360000000000,AAPL,XNAS,2,1,0.9990264177322388,100,2.0,1
1749046360000000000,AAPL,XNAS,2,-1,1.0001025199890137,100,12.0,1
1749046361000000000,AAPL,XNAS,1,1,0.9993338584899902,100,100.0,1
1749046361000000000,AAPL,XNAS,1,-1,0.9998462796211243,100,1.0,1
1749046361000000000,AAPL,XNAS,2,1,0.9990264177322388,100,2.0,1
1749046361000000000,AAPL,XNAS,2,-1,1.0001025199890137,100,12.0,1
1749046363000000000,AAPL,XNAS,1,1,0.9993338584899902,100,100.0,1
1749046363000000000,AAPL,XNAS,1,-1,0.9998462796211243,100,15.0,1
1749046363000000000,AAPL,XNAS,2,1,0.9990264177322388,100,2.0,1
1749046363000000000,AAPL,XNAS,2,-1,1.0001025199890137,100,12.0,1
1749046364000000000,AAPL,XNAS,1,1,0.9993338584899902,100,100.0,1
1749046364000000000,AAPL,XNAS,1,-1,0.9998462796211243,100,1.0,1
1749046364000000000,AAPL,XNAS,2,1,0.9990264177322388,100,2.0,1
1749046364000000000,AAPL,XNAS,2,-1,1.0001025199890137,100,12.0,1
1749046365000000000,AAPL,XNAS,1,1,0.9993338584899902,100,100.0,1
1749046365000000000,AAPL,XNAS,1,-1,0.9998462796211243,100,15.0,1
1749046365000000000,AAPL,XNAS,2,1,0.9990264177322388,100,2.0,1
1749046365000000000,AAPL,XNAS,2,-1,1.0000512599945068,100,1.0,1
1749046366000000000,AAPL,XNAS,1,1,0.9993338584899902,100,100.0,1
1749046366000000000,AAPL,XNAS,1,-1,0.9998462796211243,100,1.0,1
1749046366000000000,AAPL,XNAS,2,1,0.9990264177322388,100,2.0,1
1749046366000000000,AAPL,XNAS,2,-1,1.0000512599945068,100,1.0,1
1749046367000000000,AAPL,XNAS,1,1,0.9993338584899902,100,101.0,1
1749046367000000000,AAPL,XNAS,1,-1,0.9998462796211243,100,1.0,1
1749046367000000000,AAPL,XNAS,2,1,0.998872697353363,100,200.0,1
1749046367000000000,AAPL,XNAS,2,-1,1.0000512599945068,100,1.0,1
1749046368000000000,AAPL,XNAS,1,1,0.9993338584899902,100,101.0,1
1749046368000000000,AAPL,XNAS,1,-1,0.9998462796211243,100,1.0,1
1749046368000000000,AAPL,XNAS,2,1,0.998872697353363,100,200.0,1
1749046368000000000,AAPL,XNAS,2,-1,1.0000512599945068,100,2.0,1
1749046370000000000,AAPL,XNAS,1,1,0.9993338584899902,100,101.0,1
1749046370000000000,AAPL,XNAS,1,-1,1.0000512599945068,100,16.0,1
1749046370000000000,AAPL,XNAS,2,1,0.998872697353363,100,200.0,1
1749046370000000000,AAPL,XNAS,2,-1,1.0001025199890137,100,16.0,1
1749046371000000000,AAPL,XNAS,1,1,0.9993338584899902,100,101.0,1
1749046371000000000,AAPL,XNAS,1,-1,1.0001025199890137,100,30.0,1
1749046371000000000,AAPL,XNAS,2,1,0.998872697353363,100,200.0,1
1749046371000000000,AAPL,XNAS,2,-1,1.0002561807632446,100,1.0,1
1749046372000000000,AAPL,XNAS,1,1,0.9993338584899902,100,101.0,1
1749046372000000000,AAPL,XNAS,1,-1,1.0001025199890137,100,16.0,1
1749046372000000000,AAPL,XNAS,2,1,0.998872697353363,100,200.0,1
1749046372000000000,AAPL,XNAS,2,-1,1.0002561807632446,100,1.0,1
1749046373000000000,AAPL,XNAS,1,1,0.9993338584899902,100,101.0,1
1749046373000000000,AAPL,XNAS,1,-1,1.0001025199890137,100,30.0,1
1749046373000000000,AAPL,XNAS,2,1,0.998872697353363,100,200.0,1
1749046373000000000,AAPL,XNAS,2,-1,1.0002561807632446,100,1.0,1
1749046375000000000,AAPL,XNAS,1,1,0.9993338584899902,100,101.0,1
1749046375000000000,AAPL,XNAS,1,-1,1.0001025199890137,100,16.0,1
1749046375000000000,AAPL,XNAS,2,1,0.998872697353363,100,200.0,1
1749046375000000000,AAPL,XNAS,2,-1,1.0002561807632446,100,1.0,1
1749046377000000000,AAPL,XNAS,1,1,0.9993338584899902,100,101.0,1
1749046377000000000,AAPL,XNAS,1,-1,1.0001025199890137,100,118.0,1
1749046377000000000,AAPL,XNAS,2,1,0.998872697353363,100,200.0,1
1749046377000000000,AAPL,XNAS,2,-1,1.0002561807632446,100,1.0,1
1749046378000000000,AAPL,XNAS,1,1,0.9993338584899902,100,101.0,1
1749046378000000000,AAPL,XNAS,1,-1,1.0001025199890137,100,32.0,1
1749046378000000000,AAPL,XNAS,2,1,0.998872697353363,100,200.0,1
1749046378000000000,AAPL,XNAS,2,-1,1.0002561807632446,100,1.0,1
1749046379000000000,AAPL,XNAS,1,1,0.9993338584899902,100,101.0,1
1749046379000000000,AAPL,XNAS,1,-1,1.0001025199890137,100,32.0,1
1749046379000000000,AAPL,XNAS,2,1,0.998872697353363,100,200.0,1
1749046379000000000,AAPL,XNAS,2,-1,1.0003074407577515,100,25.0,1
1749046384000000000,AAPL,XNAS,1,1,0.9993338584899902,100,101.0,1
1749046384000000000,AAPL,XNAS,1,-1,1.0001025199890137,100,18.0,1
1749046384000000000,AAPL,XNAS,2,1,0.998872697353363,100,200.0,1
1749046384000000000,AAPL,XNAS,2,-1,1.0003074407577515,100,25.0,1
1749046386000000000,AAPL,XNAS,1,1,0.998872697353363,100,200.0,1
1749046386000000000,AAPL,XNAS,1,-1,0.9997438192367554,100,1.0,1
1749046386000000000,AAPL,XNAS,2,1,0.998821496963501,100,100.0,1
1749046386000000000,AAPL,XNAS,2,-1,1.0,100,25.0,1
1749046387000000000,AAPL,XNAS,1,1,0.998872697353363,100,200.0,1
1749046387000000000,AAPL,XNAS,1,-1,0.9997438192367554,100,118.0,1
1749046387000000000,AAPL,XNAS,2,1,0.998821496963501,100,100.0,1
1749046387000000000,AAPL,XNAS,2,-1,1.0,100,25.0,1
1749046388000000000,AAPL,XNAS,1,1,0.998872697353363,100,302.0,2
1749046388000000000,AAPL,XNAS,1,-1,0.9997438192367554,100,118.0,1
1749046388000000000,AAPL,XNAS,2,1,0.998821496963501,100,100.0,1
1749046388000000000,AAPL,XNAS,2,-1,1.0,100,25.0,1
1749046390000000000,AAPL,XNAS,1,1,0.998872697353363,100,302.0,2
1749046390000000000,AAPL,XNAS,1,-1,0.9997438192367554,100,4.0,1
1749046390000000000,AAPL,XNAS,2,1,0.998821496963501,100,100.0,1
1749046390000000000,AAPL,XNAS,2,-1,1.0,100,25.0,1
1749046391000000000,AAPL,XNAS,1,1,0.998872697353363,100,302.0,2
1749046391000000000,AAPL,XNAS,1,-1,0.9997438192367554,100,4.0,1
1749046391000000000,AAPL,XNAS,2,1,0.9987702369689941,100,9.0,1
1749046391000000000,AAPL,XNAS,2,-1,1.0,100,25.0,1
1749046392000000000,AAPL,XNAS,1,1,0.998872697353363,100,302.0,2
1749046392000000000,AAPL,XNAS,1,-1,0.9997438192367554,100,18.0,1
1749046392000000000,AAPL,XNAS,2,1,0.9987702369689941,100,9.0,1
1749046392000000000,AAPL,XNAS,2,-1,1.0,100,25.0,1
1749046393000000000,AAPL,XNAS,1,1,0.998872697353363,100,302.0,2
1749046393000000000,AAPL,XNAS,1,-1,0.9997438192367554,100,4.0,1
1749046393000000000,AAPL,XNAS,2,1,0.9987702369689941,100,9.0,1
1749046393000000000,AAPL,XNAS,2,-1,1.0,100,25.0,1
1749046394000000000,AAPL,XNAS,1,1,0.998872697353363,100,302.0,2
1749046394000000000,AAPL,XNAS,1,-1,0.9997438192367554,100,20.0,1
1749046394000000000,AAPL,XNAS,2,1,0.9987702369689941,100,9.0,1
1749046394000000000,AAPL,XNAS,2,-1,1.0,100,25.0,1
1749046396000000000,AAPL,XNAS,1,1,0.998872697353363,100,302.0,2
1749046396000000000,AAPL,XNAS,1,-1,0.9997438192367554,100,20.0,1
1749046396000000000,AAPL,XNAS,2,1,0.9987702369689941,100,9.0,1
1749046396000000000,AAPL,XNAS,2,-1,1.0,100,25.0,1
1749046399000000000,AAPL,XNAS,1,1,0.998872697353363,100,302.0,2
1749046399000000000,AAPL,XNAS,1,-1,0.9997438192367554,100,6.0,1
1749046399000000000,AAPL,XNAS,2,1,0.9987702369689941,100,9.0,1
1749046399000000000,AAPL,XNAS,2,-1,1.0,100,25.0,1
1749046401000000000,AAPL,XNAS,1,1,0.998872697353363,100,304.0,2
1749046401000000000,AAPL,XNAS,1,-1,0.9997438192367554,100,157.0,1
1749046401000000000,AAPL,XNAS,2,1,0.9987702369689941,100,9.0,1
1749046401000000000,AAPL,XNAS,2,-1,1.0,100,25.0,1
1749046406000000000,AAPL,XNAS,1,1,0.998872697353363,100,304.0,2
1749046406000000000,AAPL,XNAS,1,-1,0.9997438192367554,100,57.0,1
1749046406000000000,AAPL,XNAS,2,1,0.9987702369689941,100,9.0,1
1749046406000000000,AAPL,XNAS,2,-1,1.0,100,25.0,1
1749046407000000000,AAPL,XNAS,1,1,0.998872697353363,100,304.0,2
1749046407000000000,AAPL,XNAS,1,-1,0.9997438192367554,100,43.0,1
1749046407000000000,AAPL,XNAS,2,1,0.9987702369689941,100,9.0,1
1749046407000000000,AAPL,XNAS,2,-1,1.0,100,25.0,1
1749046408000000000,AAPL,XNAS,1,1,0.998872697353363,100,304.0,2
1749046408000000000,AAPL,XNAS,1,-1,0.9997438192367554,100,27.0,1
1749046408000000000,AAPL,XNAS,2,1,0.9987702369689941,100,9.0,1
1749046408000000000,AAPL,XNAS,2,-1,1.0,100,25.0,1
1749046409000000000,AAPL,XNAS,1,1,0.998872697353363,100,304.0,2
1749046409000000000,AAPL,XNAS,1,-1,0.9997438192367554,100,6.0,1
1749046409000000000,AAPL,XNAS,2,1,0.9987702369689941,100,9.0,1
1749046409000000000,AAPL,XNAS,2,-1,1.0,100,25.0,1
1749046410000000000,AAPL,XNAS,1,1,0.9989752173423767,100,200.0,1
1749046410000000000,AAPL,XNAS,1,-1,0.9997438192367554,100,5.0,1
1749046410000000000,AAPL,XNAS,2,1,0.998872697353363,100,304.0,2
1749046410000000000,AAPL,XNAS,2,-1,1.0000512599945068,100,1.0,1
1749046411000000000,AAPL,XNAS,1,1,0.9989239573478699,100,1.0,1
1749046411000000000,AAPL,XNAS,1,-1,0.9997438192367554,100,17.0,1
1749046411000000000,AAPL,XNAS,2,1,0.998872697353363,100,402.0,3
1749046411000000000,AAPL,XNAS,2,-1,1.0000512599945068,100,1.0,1
1749046412000000000,AAPL,XNAS,1,1,0.9989239573478699,100,1.0,1
1749046412000000000,AAPL,XNAS,1,-1,0.9997438192367554,100,3.0,1
1749046412000000000,AAPL,XNAS,2,1,0.998872697353363,100,402.0,3
1749046412000000000,AAPL,XNAS,2,-1,1.0000512599945068,100,1.0,1
1749046413000000000,AAPL,XNAS,1,1,0.9989239573478699,100,1.0,1
1749046413000000000,AAPL,XNAS,1,-1,0.9997438192367554,100,3.0,1
1749046413000000000,AAPL,XNAS,2,1,0.998872697353363,100,302.0,2
1749046413000000000,AAPL,XNAS,2,-1,1.0000512599945068,100,21.0,1
1749046414000000000,AAPL,XNAS,1,1,0.9989239573478699,100,1.0,1
1749046414000000000,AAPL,XNAS,1,-1,0.9996925592422485,100,14.0,1
1749046414000000000,AAPL,XNAS,2,1,0.998872697353363,100,402.0,3
1749046414000000000,AAPL,XNAS,2,-1,0.9997438192367554,100,5.0,1
1749046415000000000,AAPL,XNAS,1,1,0.9989239573478699,100,1.0,1
1749046415000000000,AAPL,XNAS,1,-1,0.9996925592422485,100,16.0,1
1749046415000000000,AAPL,XNAS,2,1,0.998872697353363,100,402.0,3
1749046415000000000,AAPL,XNAS,2,-1,0.9997438192367554,100,3.0,1
1749046419000000000,AAPL,XNAS,1,1,0.9989239573478699,100,1.0,1
1749046419000000000,AAPL,XNAS,1,-1,0.9996925592422485,100,2.0,1
1749046419000000000,AAPL,XNAS,2,1,0.998872697353363,100,402.0,3
1749046419000000000,AAPL,XNAS,2,-1,0.9997438192367554,100,3.0,1
1749046420000000000,AAPL,XNAS,1,1,0.9989239573478699,100,2.0,1
1749046420000000000,AAPL,XNAS,1,-1,0.9996925592422485,100,14.0,1
1749046420000000000,AAPL,XNAS,2,1,0.998872697353363,100,402.0,3
1749046420000000000,AAPL,XNAS,2,-1,0.9997438192367554,100,3.0,1
1749046421000000000,AAPL,XNAS,1,1,0.9989239573478699,100,1.0,1
1749046421000000000,AAPL,XNAS,1,-1,0.9997438192367554,100,3.0,1
1749046421000000000,AAPL,XNAS,2,1,0.998872697353363,100,432.0,3
1749046421000000000,AAPL,XNAS,2,-1,1.0000512599945068,100,1.0,1
1749046422000000000,AAPL,XNAS,1,1,0.9989239573478699,100,1.0,1
1749046422000000000,AAPL,XNAS,1,-1,0.9997438192367554,100,3.0,1
1749046422000000000,AAPL,XNAS,2,1,0.998872697353363,100,432.0,3
1749046422000000000,AAPL,XNAS,2,-1,1.0000512599945068,100,1.0,1
1749046429000000000,AAPL,XNAS,1,1,0.9989239573478699,100,2.0,1
1749046429000000000,AAPL,XNAS,1,-1,0.9997438192367554,100,3.0,1
1749046429000000000,AAPL,XNAS,2,1,0.998872697353363,100,432.0,3
1749046429000000000,AAPL,XNAS,2,-1,1.0000512599945068,100,1.0,1
1749046431000000000,AAPL,XNAS,1,1,0.9989239573478699,100,2.0,1
1749046431000000000,AAPL,XNAS,1,-1,0.9996925592422485,100,15.0,1
1749046431000000000,AAPL,XNAS,2,1,0.998872697353363,100,432.0,3
1749046431000000000,AAPL,XNAS,2,-1,0.9997438192367554,100,3.0,1
1749046432000000000,AAPL,XNAS,1,1,0.9989239573478699,100,2.0,1
1749046432000000000,AAPL,XNAS,1,-1,0.9996925592422485,100,15.0,1
1749046432000000000,AAPL,XNAS,2,1,0.998872697353363,100,432.0,3
1749046432000000000,AAPL,XNAS,2,-1,0.9997438192367554,100,42.0,1
1749046433000000000,AAPL,XNAS,1,1,0.9989239573478699,100,2.0,1
1749046433000000000,AAPL,XNAS,1,-1,0.9996925592422485,100,53.0,1
1749046433000000000,AAPL,XNAS,2,1,0.998872697353363,100,432.0,3
1749046433000000000,AAPL,XNAS,2,-1,0.9997438192367554,100,4.0,1
1749046434000000000,AAPL,XNAS,1,1,0.9989239573478699,100,2.0,1
1749046434000000000,AAPL,XNAS,1,-1,0.9996925592422485,100,54.0,1
1749046434000000000,AAPL,XNAS,2,1,0.998872697353363,100,432.0,3
1749046434000000000,AAPL,XNAS,2,-1,0.9997438192367554,100,3.0,1
1749046435000000000,AAPL,XNAS,1,1,0.9989239573478699,100,2.0,1
1749046435000000000,AAPL,XNAS,1,-1,0.9996925592422485,100,54.0,1
1749046435000000000,AAPL,XNAS,2,1,0.998872697353363,100,432.0,3
1749046435000000000,AAPL,XNAS,2,-1,0.9997438192367554,100,3.0,1
1749046436000000000,AAPL,XNAS,1,1,0.9989239573478699,100,2.0,1
1749046436000000000,AAPL,XNAS,1,-1,0.9996925592422485,100,40.0,1
1749046436000000000,AAPL,XNAS,2,1,0.998872697353363,100,432.0,3
1749046436000000000,AAPL,XNAS,2,-1,0.9997438192367554,100,3.0,1
1749046437000000000,AAPL,XNAS,1,1,0.9989239573478699,100,2.0,1
1749046437000000000,AAPL,XNAS,1,-1,0.9996925592422485,100,54.0,1
1749046437000000000,AAPL,XNAS,2,1,0.998872697353363,100,432.0,3
1749046437000000000,AAPL,XNAS,2,-1,0.9997438192367554,100,3.0,1
1749046438000000000,AAPL,XNAS,1,1,0.9989239573478699,100,2.0,1
1749046438000000000,AAPL,XNAS,1,-1,0.9996925592422485,100,40.0,1
1749046438000000000,AAPL,XNAS,2,1,0.998872697353363,100,432.0,3
1749046438000000000,AAPL,XNAS,2,-1,0.9997438192367554,100,23.0,1
1749046439000000000,AAPL,XNAS,1,1,0.9989239573478699,100,2.0,1
1749046439000000000,AAPL,XNAS,1,-1,0.9996925592422485,100,54.0,1
