ts_ns,symbol,venue,price,price_ticks,size,aggressor_side
1749304800000000000,AAPL,XNAS,0.9986375570297241,100,300.0,SELL
1749304815000000000,AAPL,XNAS,0.9988535642623901,100,1.0,BUY
1749304817000000000,AAPL,XNAS,0.9984882473945618,100,149.0,BUY
1749304875000000000,AAPL,XNAS,0.9983384609222412,100,3.0,BUY
1749304893000000000,AAPL,XNAS,0.9983550906181335,100,2.0,SELL
1749304898000000000,AAPL,XNAS,0.9982895255088806,100,146.0,BUY
1749304902000000000,AAPL,XNAS,0.9981557130813599,100,1.0,SELL
1749304904000000000,AAPL,XNAS,0.9980560541152954,100,3.0,SELL
1749304920000000000,AAPL,XNAS,0.9978501200675964,100,107.0,BUY
1749304925000000000,AAPL,XNAS,0.9973582029342651,100,2.0,BUY
1749304927000000000,AAPL,XNAS,0.9975575804710388,100,1.0,SELL
1749304935000000000,AAPL,XNAS,0.9974578619003296,100,3.0,SELL
1749304942000000000,AAPL,XNAS,0.9975575804710388,100,2.0,SELL
1749304952000000000,AAPL,XNAS,0.9973582029342651,100,3.0,SELL
1749304966000000000,AAPL,XNAS,0.9977569580078125,100,1.0,BUY
1749304969000000000,AAPL,XNAS,0.9974578619003296,100,2.0,SELL
1749304983000000000,AAPL,XNAS,0.9973183274269104,100,125.0,BUY
1749304985000000000,AAPL,XNAS,0.9972086548805237,100,1.0,BUY
1749304987000000000,AAPL,XNAS,0.9970591068267822,100,2.0,SELL
1749304996000000000,AAPL,XNAS,0.9970591068267822,100,1.0,SELL
1749304999000000000,AAPL,XNAS,0.9971089363098145,100,3.0,SELL
1749305025000000000,AAPL,XNAS,0.9975575804710388,100,11.0,BUY
1749305027000000000,AAPL,XNAS,0.9974080324172974,100,1.0,SELL
1749305059000000000,AAPL,XNAS,0.9968530535697937,100,276.0,SELL
1749305089000000000,AAPL,XNAS,0.9961618781089783,100,1.0,BUY
1749305090000000000,AAPL,XNAS,0.9958462119102478,100,3.0,BUY
1749305092000000000,AAPL,XNAS,0.9961614012718201,100,200.0,BUY
1749305102000000000,AAPL,XNAS,0.9963114261627197,100,100.0,BUY
1749305109000000000,AAPL,XNAS,0.9961346983909607,100,220.0,SELL
1749305111000000000,AAPL,XNAS,0.9961618781089783,100,100.0,SELL
1749305112000000000,AAPL,XNAS,0.996271550655365,100,5.0,SELL
1749305118000000000,AAPL,XNAS,0.9964609742164612,100,200.0,SELL
1749305122000000000,AAPL,XNAS,0.9966011643409729,100,337.0,BUY
1749305151000000000,AAPL,XNAS,0.9967101812362671,100,3.0,SELL
1749305165000000000,AAPL,XNAS,0.9968597292900085,100,1.0,SELL
1749305176000000000,AAPL,XNAS,0.9968597292900085,100,2.0,SELL
1749305181000000000,AAPL,XNAS,0.9971089363098145,100,259.0,SELL
1749305182000000000,AAPL,XNAS,0.9971089363098145,100,1.0,SELL
1749305183000000000,AAPL,XNAS,0.9970706105232239,100,13.0,BUY
1749305187000000000,AAPL,XNAS,0.9968597292900085,100,3.0,SELL
1749305203000000000,AAPL,XNAS,0.9974554777145386,100,42.0,SELL
1749305232000000000,AAPL,XNAS,0.9972113966941833,100,109.0,SELL
1749305241000000000,AAPL,XNAS,0.9973083734512329,100,2.0,SELL
1749305242000000000,AAPL,XNAS,0.9971089363098145,100,1.0,SELL
1749305250000000000,AAPL,XNAS,0.9969095587730408,100,100.0,BUY
1749305255000000000,AAPL,XNAS,0.9967101812362671,100,3.0,BUY
1749305264000000000,AAPL,XNAS,0.996411144733429,100,3.0,UNKNOWN
1749305276000000000,AAPL,XNAS,0.9966105222702026,100,1.0,BUY
1749305279000000000,AAPL,XNAS,0.9964609742164612,100,1.0,SELL
1749305291000000000,AAPL,XNAS,0.9960930347442627,100,882.0,BUY
1749305292000000000,AAPL,XNAS,0.9957132935523987,100,58.0,SELL
1749305293000000000,AAPL,XNAS,0.9956135749816895,100,5.0,SELL
1749305298000000000,AAPL,XNAS,0.9958129525184631,100,2.0,BUY
1749305300000000000,AAPL,XNAS,0.9957132935523987,100,3.0,SELL
1749305301000000000,AAPL,XNAS,0.9959625005722046,100,1.0,BUY
1749305302000000000,AAPL,XNAS,0.9956135749816895,100,10.0,SELL
1749305310000000000,AAPL,XNAS,0.9956634640693665,100,2.0,SELL
1749305316000000000,AAPL,XNAS,0.9958628416061401,100,1.0,SELL
1749305318000000000,AAPL,XNAS,0.9961369633674622,100,200.0,BUY
1749305329000000000,AAPL,XNAS,0.9956514835357666,100,208.0,BUY
1749305331000000000,AAPL,XNAS,0.9953643679618835,100,5.0,BUY
1749305332000000000,AAPL,XNAS,0.9950530529022217,100,61.0,BUY
1749305344000000000,AAPL,XNAS,0.9942677617073059,99,5.0,BUY
1749305354000000000,AAPL,XNAS,0.9940683841705322,99,2.0,SELL
1749305355000000000,AAPL,XNAS,0.9942677617073059,99,100.0,SELL
1749305366000000000,AAPL,XNAS,0.9942179322242737,99,3.0,SELL
1749305371000000000,AAPL,XNAS,0.9946999549865723,99,331.0,BUY
1749305376000000000,AAPL,XNAS,0.9944671392440796,99,2.0,BUY
1749305380000000000,AAPL,XNAS,0.9942677617073059,99,114.0,BUY
1749305392000000000,AAPL,XNAS,0.9939196109771729,99,203.0,SELL
1749305400000000000,AAPL,XNAS,1.0002434253692627,100,1.0,BUY
1749305419000000000,AAPL,XNAS,1.0002920627593994,100,1.0,BUY
1749305437000000000,AAPL,XNAS,1.0001733303070068,100,125.0,BUY
1749305451000000000,AAPL,XNAS,1.0000486373901367,100,10.0,SELL
1749305461000000000,AAPL,XNAS,1.0001460313796997,100,1.0,SELL
1749305542000000000,AAPL,XNAS,1.0003896951675415,100,148.0,BUY
1749305545000000000,AAPL,XNAS,1.0004380941390991,100,1.0,BUY
1749305554000000000,AAPL,XNAS,1.0004886388778687,100,129.0,BUY
1749305555000000000,AAPL,XNAS,1.0005353689193726,100,7.0,BUY
1749305575000000000,AAPL,XNAS,1.000335693359375,100,117.0,SELL
1749305619000000000,AAPL,XNAS,1.0003893375396729,100,1.0,BUY
1749305629000000000,AAPL,XNAS,1.0002434253692627,100,11.0,BUY
1749305645000000000,AAPL,XNAS,1.0000486373901367,100,45.0,SELL
1749305646000000000,AAPL,XNAS,0.9999513030052185,100,100.0,SELL
1749305680000000000,AAPL,XNAS,0.9997593760490417,100,106.0,BUY
1749305733000000000,AAPL,XNAS,0.9996592998504639,100,1.0,BUY
1749305736000000000,AAPL,XNAS,0.9998053312301636,100,308.0,BUY
1749305750000000000,AAPL,XNAS,0.9997566342353821,100,10.0,SELL
1749305751000000000,AAPL,XNAS,0.9998053312301636,100,1.0,BUY
1749305769000000000,AAPL,XNAS,0.9995619654655457,100,100.0,SELL
1749305771000000000,AAPL,XNAS,0.9995132684707642,100,5.0,SELL
1749305834000000000,AAPL,XNAS,0.9995132684707642,100,30.0,BUY
1749305845000000000,AAPL,XNAS,0.9992784261703491,100,667.0,BUY
1749305851000000000,AAPL,XNAS,0.9989778399467468,100,100.0,SELL
1749305879000000000,AAPL,XNAS,0.9989292025566101,100,75.0,BUY
1749305884000000000,AAPL,XNAS,0.9989292025566101,100,234.0,SELL
1749305892000000000,AAPL,XNAS,0.9988318085670471,100,10.0,BUY
1749305919000000000,AAPL,XNAS,0.9990265369415283,100,1.0,BUY
1749305944000000000,AAPL,XNAS,0.9987344741821289,100,100.0,SELL
1749305987000000000,AAPL,XNAS,0.9989292025566101,100,1.0,BUY
1749306005000000000,AAPL,XNAS,1.0014173984527588,100,18.0,SELL
1749306026000000000,AAPL,XNAS,1.0019177198410034,100,51.0,BUY
1749306031000000000,AAPL,XNAS,1.0019371509552002,100,14.0,BUY
1749306032000000000,AAPL,XNAS,1.001940131187439,100,64.0,BUY
1749306041000000000,AAPL,XNAS,1.0026458501815796,100,657.0,BUY
1749306042000000000,AAPL,XNAS,1.0026931762695312,100,7.0,BUY
1749306044000000000,AAPL,XNAS,1.0028821229934692,100,7.0,BUY
1749306046000000000,AAPL,XNAS,1.0036380290985107,100,6.0,BUY
1749306049000000000,AAPL,XNAS,1.0040160417556763,100,50.0,SELL
1749306055000000000,AAPL,XNAS,1.004299521446228,100,1.0,BUY
1749306089000000000,AAPL,XNAS,1.0036380290985107,100,200.0,SELL
1749306172000000000,AAPL,XNAS,1.0034490823745728,100,1.0,SELL
1749306179000000000,AAPL,XNAS,1.0029293298721313,100,10.0,SELL
1749306216000000000,AAPL,XNAS,1.002267837524414,100,300.0,SELL
1749306218000000000,AAPL,XNAS,1.0016837120056152,100,11.0,SELL
1749306234000000000,AAPL,XNAS,1.0016604661941528,100,691.0,SELL
1749306249000000000,AAPL,XNAS,1.0023633241653442,100,422.0,SELL
1749306312000000000,AAPL,XNAS,1.003027081489563,100,149.0,BUY
1749306313000000000,AAPL,XNAS,1.0032669305801392,100,117.0,SELL
1749306381000000000,AAPL,XNAS,1.0042051076889038,100,1.0,BUY
1749306388000000000,AAPL,XNAS,1.004218578338623,100,7.0,BUY
1749306390000000000,AAPL,XNAS,1.0043940544128418,100,6.0,BUY
1749306392000000000,AAPL,XNAS,1.0047709941864014,100,263.0,SELL
1749306412000000000,AAPL,XNAS,1.005055546760559,101,1.0,UNKNOWN
1749306472000000000,AAPL,XNAS,1.005433440208435,101,1.0,SELL
1749306522000000000,AAPL,XNAS,1.0049898624420166,100,164.0,SELL
1749306533000000000,AAPL,XNAS,1.0055279731750488,101,20.0,BUY
1749306592000000000,AAPL,XNAS,1.005433440208435,101,2.0,SELL
1749306617000000000,AAPL,XNAS,1.0003056526184082,100,1.0,BUY
1749306633000000000,AAPL,XNAS,1.0000234842300415,100,30.0,SELL
1749306677000000000,AAPL,XNAS,1.0003056526184082,100,2.0,SELL
1749306678000000000,AAPL,XNAS,1.0002115964889526,100,2.0,BUY
1749306694000000000,AAPL,XNAS,1.0004937648773193,100,3.0,BUY
1749306730000000000,AAPL,XNAS,1.0003527402877808,100,1.0,SELL
1749306737000000000,AAPL,XNAS,1.0006035566329956,100,3.0,BUY
1749306747000000000,AAPL,XNAS,1.000728964805603,100,1.0,BUY
1749306752000000000,AAPL,XNAS,1.0004467964172363,100,100.0,BUY
1749306768000000000,AAPL,XNAS,1.0003997087478638,100,1.0,SELL
1749306793000000000,AAPL,XNAS,1.000728964805603,100,1.0,BUY
1749306797000000000,AAPL,XNAS,1.000728964805603,100,101.0,UNKNOWN
1749306841000000000,AAPL,XNAS,1.000775933265686,100,1.0,BUY
1749306858000000000,AAPL,XNAS,1.0009170770645142,100,3.0,SELL
1749306864000000000,AAPL,XNAS,1.0010581016540527,100,1.0,SELL
1749306897000000000,AAPL,XNAS,1.0010581016540527,100,1.0,SELL
1749306898000000000,AAPL,XNAS,1.0010178089141846,100,350.0,SELL
1749306899000000000,AAPL,XNAS,1.0009170770645142,100,20.0,SELL
1749306924000000000,AAPL,XNAS,1.0010581016540527,100,1.0,SELL
1749307037000000000,AAPL,XNAS,1.0011051893234253,100,1.0,BUY
1749307041000000000,AAPL,XNAS,1.0008151531219482,100,120.0,BUY
1749307056000000000,AAPL,XNAS,1.0004733800888062,100,294.0,BUY
1749307097000000000,AAPL,XNAS,1.0000234842300415,100,1.0,BUY
1749307134000000000,AAPL,XNAS,0.9997879266738892,100,101.0,SELL
1749307147000000000,AAPL,XNAS,0.9999755620956421,100,101.0,BUY
1749307200000000000,AAPL,XNAS,0.9973381757736206,100,7.0,BUY
1749307241000000000,AAPL,XNAS,0.996708333492279,100,240.0,BUY
1749307242000000000,AAPL,XNAS,0.9965301156044006,100,3.0,SELL
1749307305000000000,AAPL,XNAS,0.9969103336334229,100,4.0,BUY
1749307307000000000,AAPL,XNAS,0.9975282549858093,100,102.0,SELL
1749307361000000000,AAPL,XNAS,0.9961973428726196,100,10.0,SELL
1749307362000000000,AAPL,XNAS,0.9961973428726196,100,90.0,BUY
1749307367000000000,AAPL,XNAS,0.9959121346473694,100,5.0,SELL
1749307428000000000,AAPL,XNAS,0.9961973428726196,100,5.0,SELL
1749307456000000000,AAPL,XNAS,0.9957290887832642,100,141.0,SELL
1749307460000000000,AAPL,XNAS,0.9953892827033997,100,32.0,BUY
1749307470000000000,AAPL,XNAS,0.9947713613510132,99,100.0,BUY
1749307488000000000,AAPL,XNAS,0.9944861531257629,99,4.0,BUY
1749307522000000000,AAPL,XNAS,0.994105875492096,99,2.0,SELL
1749307528000000000,AAPL,XNAS,0.9936060905456543,99,202.0,BUY
1749307529000000000,AAPL,XNAS,0.9934404492378235,99,1.0,BUY
1749307549000000000,AAPL,XNAS,0.9933453798294067,99,3.0,SELL
1749307572000000000,AAPL,XNAS,0.9928103089332581,99,121.0,BUY
1749307587000000000,AAPL,XNAS,0.9925848245620728,99,20.0,BUY
1749307618000000000,AAPL,XNAS,0.9922996759414673,99,4.0,BUY
1749307642000000000,AAPL,XNAS,0.9922996759414673,99,35.0,BUY
1749307671000000000,AAPL,XNAS,0.9922521114349365,99,4.0,SELL
1749307688000000000,AAPL,XNAS,0.9927749633789062,99,129.0,SELL
1749307793000000000,AAPL,XNAS,0.99244225025177,99,4.0,SELL
1749307854000000000,AAPL,XNAS,1.0019927024841309,100,100.0,BUY
1749307868000000000,AAPL,XNAS,1.0021499395370483,100,100.0,BUY
1749307875000000000,AAPL,XNAS,1.002254843711853,100,1.0,BUY
1749307893000000000,AAPL,XNAS,1.001468300819397,100,300.0,SELL
1749307912000000000,AAPL,XNAS,1.0013896226882935,100,200.0,SELL
1749307913000000000,AAPL,XNAS,1.0009963512420654,100,2.0,SELL
1749307922000000000,AAPL,XNAS,1.0011012554168701,100,27.0,SELL
1749307935000000000,AAPL,XNAS,1.0009963512420654,100,98.0,SELL
1749307953000000000,AAPL,XNAS,1.0005244016647339,100,27.0,SELL
1749307961000000000,AAPL,XNAS,1.0005244016647339,100,173.0,BUY
1749307972000000000,AAPL,XNAS,1.0009963512420654,100,41.0,BUY
1749307987000000000,AAPL,XNAS,1.0019402503967285,100,6.0,BUY
1749307996000000000,AAPL,XNAS,1.0015732049942017,100,2.0,BUY
1749308047000000000,AAPL,XNAS,1.0004714727401733,100,202.0,SELL
1749308052000000000,AAPL,XNAS,1.0001049041748047,100,100.0,SELL
1749308053000000000,AAPL,XNAS,0.9999332427978516,100,110.0,BUY
1749308115000000000,AAPL,XNAS,0.9995280504226685,100,1.0,BUY
1749308147000000000,AAPL,XNAS,0.9998689293861389,100,4.0,BUY
1749308156000000000,AAPL,XNAS,0.998951256275177,100,32.0,SELL
1749308161000000000,AAPL,XNAS,0.9987506866455078,100,342.0,BUY
1749308177000000000,AAPL,XNAS,0.9980598092079163,100,27.0,SELL
1749308185000000000,AAPL,XNAS,0.9980021715164185,100,273.0,BUY
1749308186000000000,AAPL,XNAS,0.9976927042007446,100,1.0,BUY
1749308236000000000,AAPL,XNAS,0.9987410306930542,100,457.0,BUY
1749308237000000000,AAPL,XNAS,0.999262273311615,100,319.0,BUY
1749308240000000000,AAPL,XNAS,0.9993707537651062,100,1.0,BUY
1749308251000000000,AAPL,XNAS,0.9997377991676331,100,1.0,BUY
1749308276000000000,AAPL,XNAS,0.9990227818489075,100,327.0,SELL
1749308277000000000,AAPL,XNAS,0.9988463521003723,100,73.0,UNKNOWN
1749308343000000000,AAPL,XNAS,0.9983744025230408,100,110.0,SELL
1749308400000000000,AAPL,XNAS,1.0000189542770386,100,5.0,SELL
1749308438000000000,AAPL,XNAS,1.0,100,1.0,SELL
1749308467000000000,AAPL,XNAS,1.0003316402435303,100,380.0,BUY
1749308503000000000,AAPL,XNAS,1.0001893043518066,100,1.0,SELL
1749308528000000000,AAPL,XNAS,1.0,100,98.0,SELL
1749308570000000000,AAPL,XNAS,0.9999992251396179,100,190.0,BUY
1749308605000000000,AAPL,XNAS,0.9996687769889832,100,20.0,SELL
1749308619000000000,AAPL,XNAS,0.9998106956481934,100,104.0,BUY
1749308624000000000,AAPL,XNAS,0.999858021736145,100,213.0,SELL
1749308637000000000,AAPL,XNAS,0.999858021736145,100,1.0,SELL
1749308649000000000,AAPL,XNAS,0.999858021736145,100,25.0,SELL
1749308664000000000,AAPL,XNAS,0.9997634291648865,100,15.0,SELL
1749308673000000000,AAPL,XNAS,0.999716579914093,100,202.0,SELL
1749308676000000000,AAPL,XNAS,0.9997161030769348,100,124.0,SELL
1749308762000000000,AAPL,XNAS,0.9998106956481934,100,1.0,SELL
1749308771000000000,AAPL,XNAS,0.999858021736145,100,1.0,SELL
1749308817000000000,AAPL,XNAS,0.9996305108070374,100,517.0,BUY
1749308875000000000,AAPL,XNAS,0.9996214509010315,100,100.0,BUY
1749308905000000000,AAPL,XNAS,0.9995267987251282,100,1.0,BUY
1749308911000000000,AAPL,XNAS,0.9993848204612732,100,5.0,SELL
1749308913000000000,AAPL,XNAS,0.9993848204612732,100,100.0,SELL
1749308944000000000,AAPL,XNAS,0.9992902278900146,100,1.0,SELL
1749308950000000000,AAPL,XNAS,0.999242901802063,100,30.0,SELL
1749308971000000000,AAPL,XNAS,0.9995741248130798,100,100.0,BUY
1749308972000000000,AAPL,XNAS,0.9995267987251282,100,1.0,BUY
1749309019000000000,AAPL,XNAS,1.0035983324050903,100,349.0,BUY
1749309033000000000,AAPL,XNAS,1.0032775402069092,100,19.0,BUY
1749309096000000000,AAPL,XNAS,1.0029566287994385,100,200.0,BUY
1749309174000000000,AAPL,XNAS,1.0028928518295288,100,69.0,BUY
1749309175000000000,AAPL,XNAS,1.0024946928024292,100,130.0,BUY
1749309177000000000,AAPL,XNAS,1.001695990562439,100,200.0,SELL
1749309188000000000,AAPL,XNAS,1.0011001825332642,100,200.0,SELL
1749309225000000000,AAPL,XNAS,1.001123070716858,100,1.0,SELL
1749309226000000000,AAPL,XNAS,1.0015356540679932,100,100.0,BUY
1749309254000000000,AAPL,XNAS,1.00126051902771,100,1.0,SELL
1749309330000000000,AAPL,XNAS,1.0006961822509766,100,311.0,SELL
1749309331000000000,AAPL,XNAS,1.0003437995910645,100,3.0,SELL
1749309340000000000,AAPL,XNAS,1.0002979040145874,100,100.0,SELL
1749309379000000000,AAPL,XNAS,1.0008938312530518,100,3.0,BUY
1749309475000000000,AAPL,XNAS,1.0013071298599243,100,66.0,SELL
1749309493000000000,AAPL,XNAS,1.0016273260116577,100,1.0,BUY
1749309522000000000,AAPL,XNAS,1.0019481182098389,100,1.0,SELL
1749309559000000000,AAPL,XNAS,1.0025440454483032,100,104.0,BUY
1749309566000000000,AAPL,XNAS,1.0027273893356323,100,1.0,BUY
1749309615000000000,AAPL,XNAS,1.0,100,1.0,SELL
1749309630000000000,AAPL,XNAS,1.0,100,1.0,SELL
1749309646000000000,AAPL,XNAS,1.0007396936416626,100,2.0,BUY
1749309701000000000,AAPL,XNAS,1.0008013248443604,100,101.0,BUY
1749309702000000000,AAPL,XNAS,1.0007396936416626,100,1.0,SELL
1749309745000000000,AAPL,XNAS,1.0006780624389648,100,1.0,SELL
1749309756000000000,AAPL,XNAS,1.0008013248443604,100,1.0,SELL
1749309790000000000,AAPL,XNAS,0.9991369843482971,100,209.0,SELL
1749309796000000000,AAPL,XNAS,0.9990753531455994,100,101.0,SELL
1749309798000000000,AAPL,XNAS,0.9986438155174255,100,2.0,SELL
1749309803000000000,AAPL,XNAS,0.9986438155174255,100,15.0,SELL
1749309804000000000,AAPL,XNAS,0.9970616102218628,100,3.0,SELL
1749309810000000000,AAPL,XNAS,0.9968560934066772,100,200.0,SELL
1749309815000000000,AAPL,XNAS,0.9968560934066772,100,191.0,SELL
1749309826000000000,AAPL,XNAS,0.9968560934066772,100,1.0,SELL
1749309828000000000,AAPL,XNAS,0.9969105124473572,100,451.0,SELL
1749309830000000000,AAPL,XNAS,0.9968560934066772,100,15.0,SELL
1749309836000000000,AAPL,XNAS,0.9968560934066772,100,5.0,SELL
1749309838000000000,AAPL,XNAS,0.9976217150688171,100,31.0,SELL
1749309849000000000,AAPL,XNAS,0.9977191686630249,100,100.0,SELL
1749309858000000000,AAPL,XNAS,0.9968560934066772,100,248.0,SELL
1749309882000000000,AAPL,XNAS,0.9977807998657227,100,1.0,BUY
1749309892000000000,AAPL,XNAS,0.9977191686630249,100,1.0,SELL
1749309898000000000,AAPL,XNAS,0.9968602061271667,100,150.0,SELL
1749309942000000000,AAPL,XNAS,0.9968560934066772,100,95.0,SELL
1749309951000000000,AAPL,XNAS,0.9973324537277222,100,11.0,BUY
1749309953000000000,AAPL,XNAS,0.9977807998657227,100,20.0,BUY
1749309978000000000,AAPL,XNAS,0.9986438155174255,100,259.0,BUY
1749309987000000000,AAPL,XNAS,0.9986438155174255,100,45.0,BUY
1749309988000000000,AAPL,XNAS,0.9988706707954407,100,462.0,SELL
1749309995000000000,AAPL,XNAS,1.0003082752227783,100,100.0,SELL
1749310017000000000,AAPL,XNAS,1.0001232624053955,100,1.0,SELL
1749310048000000000,AAPL,XNAS,1.000369906425476,100,1.0,SELL
1749310063000000000,AAPL,XNAS,0.9981770515441895,100,280.0,SELL
1749310065000000000,AAPL,XNAS,0.9968560934066772,100,12.0,SELL
1749310073000000000,AAPL,XNAS,0.9972876310348511,100,200.0,SELL
1749310143000000000,AAPL,XNAS,0.998335599899292,100,1.0,BUY
1749310144000000000,AAPL,XNAS,0.996877133846283,100,586.0,SELL
1749310164000000000,AAPL,XNAS,0.9966095685958862,100,43.0,SELL
1749310197000000000,AAPL,XNAS,0.9960141777992249,100,418.0,SELL
1749310198000000000,AAPL,XNAS,0.9960547685623169,100,164.0,SELL
1749310210000000000,AAPL,XNAS,0.999545156955719,100,1.0,BUY
1749310239000000000,AAPL,XNAS,0.9991833567619324,100,9.0,SELL
1749310240000000000,AAPL,XNAS,0.9993057250976562,100,1.0,UNKNOWN
1749310243000000000,AAPL,XNAS,0.9994493722915649,100,161.0,BUY
1749310244000000000,AAPL,XNAS,0.9994972348213196,100,1.0,SELL
1749310251000000000,AAPL,XNAS,0.999880313873291,100,1.0,BUY
1749310263000000000,AAPL,XNAS,0.9995738863945007,100,60.0,BUY
1749310302000000000,AAPL,XNAS,0.9999516606330872,100,51.0,BUY
1749310334000000000,AAPL,XNAS,1.0003902912139893,100,23.0,BUY
1749310341000000000,AAPL,XNAS,1.000789999961853,100,9.0,BUY
1749310363000000000,AAPL,XNAS,1.000789999961853,100,5.0,BUY
1749310415000000000,AAPL,XNAS,1.0006463527679443,100,9.0,BUY
1749310416000000000,AAPL,XNAS,1.000651478767395,100,209.0,BUY
1749310421000000000,AAPL,XNAS,1.000550627708435,100,7.0,UNKNOWN
1749310492000000000,AAPL,XNAS,1.0006463527679443,100,2.0,BUY
1749310533000000000,AAPL,XNAS,0.9998078942298889,100,199.0,SELL
1749310569000000000,AAPL,XNAS,0.9996408820152283,100,10.0,BUY
1749310592000000000,AAPL,XNAS,0.9990959167480469,100,131.0,BUY
1749310616000000000,AAPL,XNAS,0.9993057250976562,100,4.0,BUY
1749310638000000000,AAPL,XNAS,0.9993057250976562,100,4.0,BUY
1749310639000000000,AAPL,XNAS,0.9993057250976562,100,5.0,BUY
1749310652000000000,AAPL,XNAS,0.9994169473648071,100,329.0,SELL
1749310659000000000,AAPL,XNAS,0.9997366666793823,100,14.0,BUY
1749310675000000000,AAPL,XNAS,0.9993057250976562,100,146.0,BUY
1749310694000000000,AAPL,XNAS,0.9993057250976562,100,22.0,BUY
1749310696000000000,AAPL,XNAS,0.9993057250976562,100,20.0,BUY
1749310704000000000,AAPL,XNAS,0.9993057250976562,100,4.0,BUY
1749310705000000000,AAPL,XNAS,0.9993057250976562,100,19.0,BUY
1749310708000000000,AAPL,XNAS,0.9993057250976562,100,6.0,BUY
1749310738000000000,AAPL,XNAS,0.9994015097618103,100,9.0,BUY
1749310753000000000,AAPL,XNAS,0.9994015097618103,100,4.0,BUY
1749310754000000000,AAPL,XNAS,0.9994015097618103,100,14.0,BUY
1749310759000000000,AAPL,XNAS,0.9994493722915649,100,7.0,BUY
1749310765000000000,AAPL,XNAS,0.9996888041496277,100,8.0,BUY
1749310785000000000,AAPL,XNAS,0.9994493722915649,100,101.0,BUY
1749310786000000000,AAPL,XNAS,0.9996307492256165,100,123.0,BUY
1749310787000000000,AAPL,XNAS,0.9998626708984375,100,38.0,BUY
1749310864000000000,AAPL,XNAS,0.9986668825149536,100,1.0,SELL
1749310915000000000,AAPL,XNAS,0.9986668825149536,100,1.0,BUY
1749310957000000000,AAPL,XNAS,0.9994251132011414,100,312.0,SELL
1749310961000000000,AAPL,XNAS,1.0002777576446533,100,1.0,SELL
1749311039000000000,AAPL,XNAS,1.0002777576446533,100,1.0,BUY
1749311058000000000,AAPL,XNAS,1.000333309173584,100,1.0,SELL
1749311066000000000,AAPL,XNAS,1.0012279748916626,100,324.0,SELL
1749311067000000000,AAPL,XNAS,1.0022228956222534,100,101.0,BUY
1749311070000000000,AAPL,XNAS,1.0014442205429077,100,310.0,BUY
1749311178000000000,AAPL,XNAS,0.9990279674530029,100,2.0,BUY
1749311210000000000,AAPL,XNAS,0.9991112351417542,100,207.0,BUY
1749311252000000000,AAPL,XNAS,0.9987779855728149,100,1.0,UNKNOWN
1749311300000000000,AAPL,XNAS,1.000292420387268,100,309.0,SELL
1749311301000000000,AAPL,XNAS,1.0009998083114624,100,100.0,UNKNOWN
1749311349000000000,AAPL,XNAS,1.0007776021957397,100,1.0,SELL
1749311352000000000,AAPL,XNAS,1.0018833875656128,100,119.0,SELL
1749311354000000000,AAPL,XNAS,1.0018330812454224,100,29.0,BUY
1749311394000000000,AAPL,XNAS,1.000722050666809,100,200.0,BUY
1749311412000000000,AAPL,XNAS,1.000376582145691,100,92.0,SELL
1749311425000000000,AAPL,XNAS,1.0007060766220093,100,2.0,BUY
1749311485000000000,AAPL,XNAS,1.0006000995635986,100,8.0,BUY
1749311486000000000,AAPL,XNAS,1.0005648136138916,100,1.0,SELL
1749311503000000000,AAPL,XNAS,1.0003294944763184,100,5.0,SELL
1749311527000000000,AAPL,XNAS,1.000313401222229,100,304.0,BUY
1749311544000000000,AAPL,XNAS,0.9999058842658997,100,1.0,SELL
1749311545000000000,AAPL,XNAS,1.0002806186676025,100,208.0,SELL
1749311579000000000,AAPL,XNAS,1.0010826587677002,100,38.0,BUY
1749311606000000000,AAPL,XNAS,1.0009413957595825,100,2.0,BUY
1749311607000000000,AAPL,XNAS,1.0013071298599243,100,139.0,BUY
1749311609000000000,AAPL,XNAS,1.001365065574646,100,200.0,SELL
1749311610000000000,AAPL,XNAS,1.0016003847122192,100,18.0,SELL
1749311666000000000,AAPL,XNAS,1.0017415285110474,100,1.0,SELL
1749311676000000000,AAPL,XNAS,1.0017415285110474,100,2.0,BUY
1749311696000000000,AAPL,XNAS,1.001259207725525,100,444.0,BUY
1749311701000000000,AAPL,XNAS,1.0004044771194458,100,219.0,BUY
1749311703000000000,AAPL,XNAS,0.9996247887611389,100,105.0,SELL
1749311736000000000,AAPL,XNAS,0.9997605085372925,100,103.0,BUY
1749311755000000000,AAPL,XNAS,0.9994817972183228,100,102.0,SELL
1749311761000000000,AAPL,XNAS,0.9993410110473633,100,1.0,SELL
1749311762000000000,AAPL,XNAS,0.9992782473564148,100,3.0,SELL
1749311776000000000,AAPL,XNAS,0.9994822144508362,100,1.0,SELL
1749311786000000000,AAPL,XNAS,0.9999058842658997,100,1.0,BUY
1749311845000000000,AAPL,XNAS,0.9999529123306274,100,1.0,SELL
1749311846000000000,AAPL,XNAS,0.9999529123306274,100,2.0,BUY
1749311893000000000,AAPL,XNAS,0.9996647238731384,100,228.0,SELL
1749311894000000000,AAPL,XNAS,0.9998117089271545,100,1.0,SELL
1749311906000000000,AAPL,XNAS,1.0000470876693726,100,2.0,SELL
1749311961000000000,AAPL,XNAS,1.0000941753387451,100,90.0,BUY
1749311963000000000,AAPL,XNAS,0.999764621257782,100,1.0,SELL
1749311966000000000,AAPL,XNAS,0.9998587965965271,100,1.0,SELL
1749311992000000000,AAPL,XNAS,0.9993441104888916,100,91.0,SELL
1749312036000000000,AAPL,XNAS,0.9956524968147278,100,7.0,SELL
1749312046000000000,AAPL,XNAS,0.9956524968147278,100,1.0,SELL
1749312047000000000,AAPL,XNAS,0.995550811290741,100,1.0,SELL
1749312109000000000,AAPL,XNAS,0.9947881102561951,99,328.0,SELL
1749312110000000000,AAPL,XNAS,0.9947881102561951,99,1.0,SELL
1749312113000000000,AAPL,XNAS,0.9946864247322083,99,3.0,SELL
1749312124000000000,AAPL,XNAS,0.9954203963279724,100,425.0,SELL
1749312156000000000,AAPL,XNAS,0.9948897957801819,99,109.0,SELL
1749312222000000000,AAPL,XNAS,0.9940761923789978,99,7.0,SELL
1749312229000000000,AAPL,XNAS,0.9944321513175964,99,1.0,BUY
1749312275000000000,AAPL,XNAS,0.9940761923789978,99,5.0,SELL
1749312277000000000,AAPL,XNAS,0.9939618110656738,99,168.0,SELL
1749312346000000000,AAPL,XNAS,0.9938219785690308,99,7.0,SELL
1749312356000000000,AAPL,XNAS,0.9938219785690308,99,293.0,BUY
1749312365000000000,AAPL,XNAS,0.9936186075210571,99,7.0,BUY
1749312402000000000,AAPL,XNAS,0.9939406514167786,99,314.0,BUY
1749312441000000000,AAPL,XNAS,0.993720293045044,99,52.0,SELL
1749312453000000000,AAPL,XNAS,0.9933643341064453,99,64.0,SELL
1749312465000000000,AAPL,XNAS,0.993974506855011,99,1.0,BUY
1749312469000000000,AAPL,XNAS,0.993974506855011,99,2.0,BUY
1749312518000000000,AAPL,XNAS,0.9931609630584717,99,274.0,SELL
1749312534000000000,AAPL,XNAS,0.9936186075210571,99,1.0,SELL
1749312538000000000,AAPL,XNAS,0.9934660196304321,99,2.0,SELL
1749312595000000000,AAPL,XNAS,0.9939236640930176,99,2.0,BUY
1749312600000000000,AAPL,XNAS,1.000411033630371,100,30.0,SELL
1749312663000000000,AAPL,XNAS,1.0000475645065308,100,31.0,SELL
1749312664000000000,AAPL,XNAS,1.0000241994857788,100,74.0,SELL
1749312668000000000,AAPL,XNAS,1.000169277191162,100,4.0,SELL
1749312681000000000,AAPL,XNAS,1.0000241994857788,100,5.0,SELL
1749312713000000000,AAPL,XNAS,1.0003384351730347,100,2.0,BUY
1749312727000000000,AAPL,XNAS,1.0002659559249878,100,1.0,UNKNOWN
1749312743000000000,AAPL,XNAS,1.0000241994857788,100,29.0,SELL
1749312744000000000,AAPL,XNAS,1.0000241994857788,100,71.0,SELL
1749312745000000000,AAPL,XNAS,0.999974250793457,100,124.0,SELL
1749312790000000000,AAPL,XNAS,1.0000724792480469,100,2.0,SELL
1749312801000000000,AAPL,XNAS,0.9998044967651367,100,571.0,BUY
1749312809000000000,AAPL,XNAS,0.9994439482688904,100,105.0,BUY
1749312837000000000,AAPL,XNAS,0.9991054534912109,100,100.0,SELL
1749312838000000000,AAPL,XNAS,0.9990571141242981,100,96.0,BUY
1749312839000000000,AAPL,XNAS,0.9989120960235596,100,1.0,SELL
1749312878000000000,AAPL,XNAS,0.9993353486061096,100,395.0,SELL
1749312893000000000,AAPL,XNAS,0.9994439482688904,100,1.0,SELL
1749312902000000000,AAPL,XNAS,0.9994439482688904,100,2.0,BUY
1749312903000000000,AAPL,XNAS,0.9994853734970093,100,7.0,SELL
1749312904000000000,AAPL,XNAS,0.9994922876358032,100,100.0,SELL
1749312926000000000,AAPL,XNAS,0.9991687536239624,100,292.0,SELL
1749312928000000000,AAPL,XNAS,0.9993472695350647,100,90.0,BUY
1749312931000000000,AAPL,XNAS,0.9991538524627686,100,100.0,SELL
1749312953000000000,AAPL,XNAS,0.9991538524627686,100,1.0,SELL
1749312965000000000,AAPL,XNAS,0.9991054534912109,100,1.0,SELL
1749313012000000000,AAPL,XNAS,0.9993472695350647,100,1.0,SELL
1749313014000000000,AAPL,XNAS,0.9995890259742737,100,2.0,BUY
1749313033000000000,AAPL,XNAS,0.9993956089019775,100,1.0,BUY
1749313039000000000,AAPL,XNAS,0.9993956089019775,100,2.0,SELL
1749313040000000000,AAPL,XNAS,0.9992021918296814,100,4.0,SELL
1749313073000000000,AAPL,XNAS,0.9993956089019775,100,3.0,BUY
1749313079000000000,AAPL,XNAS,0.9990947246551514,100,9.0,SELL
1749313096000000000,AAPL,XNAS,0.9993961453437805,100,91.0,SELL
1749313102000000000,AAPL,XNAS,0.9996373653411865,100,1.0,BUY
1749313116000000000,AAPL,XNAS,0.9995406270027161,100,1.0,SELL
1749313133000000000,AAPL,XNAS,0.9995406270027161,100,2.0,SELL
1749313162000000000,AAPL,XNAS,0.9998307824134827,100,107.0,SELL
1749313164000000000,AAPL,XNAS,0.9996396899223328,100,251.0,SELL
1749313166000000000,AAPL,XNAS,0.9996373653411865,100,52.0,SELL
1749313193000000000,AAPL,XNAS,0.9997461438179016,100,4.0,SELL
1749313198000000000,AAPL,XNAS,0.999445378780365,100,205.0,SELL
1749313199000000000,AAPL,XNAS,0.9993956089019775,100,8.0,SELL
1749313206000000000,AAPL,XNAS,1.0010508298873901,100,1.0,SELL
1749313229000000000,AAPL,XNAS,1.0006687641143799,100,105.0,SELL
1749313230000000000,AAPL,XNAS,1.0006687641143799,100,125.0,BUY
1749313253000000000,AAPL,XNAS,1.00028657913208,100,102.0,BUY
1749313265000000000,AAPL,XNAS,1.0004298686981201,100,27.0,SELL
1749313273000000000,AAPL,XNAS,1.00076425075531,100,25.0,BUY
1749313280000000000,AAPL,XNAS,1.0004298686981201,100,31.0,SELL
1749313282000000000,AAPL,XNAS,1.00033438205719,100,18.0,BUY
1749313324000000000,AAPL,XNAS,0.9998089075088501,100,1.0,SELL
1749313326000000000,AAPL,XNAS,0.9996656179428101,100,27.0,SELL
1749313385000000000,AAPL,XNAS,0.9995700716972351,100,1.0,BUY
1749313398000000000,AAPL,XNAS,0.9990924000740051,100,48.0,SELL
1749313412000000000,AAPL,XNAS,0.9988749623298645,100,190.0,SELL
1749313435000000000,AAPL,XNAS,0.9983649253845215,100,130.0,BUY
1749313535000000000,AAPL,XNAS,0.9966562986373901,100,195.0,SELL
1749313580000000000,AAPL,XNAS,0.9972295165061951,100,100.0,SELL
1749313590000000000,AAPL,XNAS,0.9978888630867004,100,132.0,SELL
1749313592000000000,AAPL,XNAS,0.997802734375,100,1.0,BUY
1749313597000000000,AAPL,XNAS,0.9972470998764038,100,190.0,SELL
1749313619000000000,AAPL,XNAS,0.9972772598266602,100,90.0,SELL
1749313686000000000,AAPL,XNAS,0.997707188129425,100,1.0,SELL
1749313698000000000,AAPL,XNAS,0.99765944480896,100,20.0,BUY
1749313707000000000,AAPL,XNAS,0.99718177318573,100,21.0,SELL
1749313736000000000,AAPL,XNAS,0.9968951344490051,100,29.0,SELL
1749313852000000000,AAPL,XNAS,0.9975510835647583,100,1.0,BUY
1749313909000000000,AAPL,XNAS,0.9972118139266968,100,221.0,BUY
1749313955000000000,AAPL,XNAS,0.9979406595230103,100,1.0,BUY
1749313956000000000,AAPL,XNAS,0.9984415769577026,100,100.0,BUY
1749313957000000000,AAPL,XNAS,0.9988312125205994,100,1.0,BUY
1749313970000000000,AAPL,XNAS,0.9994619488716125,100,3.0,BUY
1749313971000000000,AAPL,XNAS,0.9996660351753235,100,5.0,BUY
1749313973000000000,AAPL,XNAS,0.9997773766517639,100,1.0,BUY
1749313987000000000,AAPL,XNAS,1.000389575958252,100,1.0,BUY
1749314004000000000,AAPL,XNAS,1.000837802886963,100,191.0,SELL
1749314006000000000,AAPL,XNAS,1.0015616416931152,100,102.0,SELL
1749314021000000000,AAPL,XNAS,1.001285433769226,100,243.0,SELL
1749314025000000000,AAPL,XNAS,1.0011695623397827,100,159.0,SELL
1749314163000000000,AAPL,XNAS,1.0018366575241089,100,100.0,BUY
1749314172000000000,AAPL,XNAS,1.0011688470840454,100,1.0,SELL
1749314174000000000,AAPL,XNAS,1.001057505607605,100,21.0,SELL
1749314175000000000,AAPL,XNAS,1.001051902770996,100,199.0,BUY
1749314203000000000,AAPL,XNAS,1.0013914108276367,100,137.0,SELL
1749314206000000000,AAPL,XNAS,1.0015027523040771,100,100.0,SELL
1749314216000000000,AAPL,XNAS,1.0025602579116821,100,5.0,BUY
1749314220000000000,AAPL,XNAS,1.0028941631317139,100,2.0,BUY
1749314222000000000,AAPL,XNAS,1.0031168460845947,100,1.0,BUY
1749314245000000000,AAPL,XNAS,1.003367304801941,100,2.0,BUY
1749314246000000000,AAPL,XNAS,1.0037847757339478,100,1.0,BUY
1749314271000000000,AAPL,XNAS,1.0040630102157593,100,3.0,BUY
1749314285000000000,AAPL,XNAS,1.0035526752471924,100,212.0,SELL
1749314333000000000,AAPL,XNAS,1.0046473741531372,100,2.0,SELL
1749314338000000000,AAPL,XNAS,1.0050091743469238,101,1.0,BUY
1749314346000000000,AAPL,XNAS,1.0053430795669556,101,1.0,BUY
1749314352000000000,AAPL,XNAS,1.0043541193008423,100,39.0,SELL
1749314383000000000,AAPL,XNAS,1.0041743516921997,100,30.0,SELL
1749314388000000000,AAPL,XNAS,1.0048421621322632,100,10.0,BUY
1749314400000000000,AAPL,XNAS,1.000424861907959,100,381.0,BUY
1749314472000000000,AAPL,XNAS,1.0005663633346558,100,2.0,BUY
1749314488000000000,AAPL,XNAS,1.0006134510040283,100,2.0,BUY
1749314492000000000,AAPL,XNAS,1.0006606578826904,100,2.0,BUY
1749314497000000000,AAPL,XNAS,1.0007550716400146,100,1.0,BUY
1749314502000000000,AAPL,XNAS,1.0008022785186768,100,1.0,BUY
1749314524000000000,AAPL,XNAS,1.0008996725082397,100,111.0,SELL
1749314526000000000,AAPL,XNAS,1.0007474422454834,100,149.0,SELL
1749314536000000000,AAPL,XNAS,1.0005525350570679,100,206.0,BUY
1749314560000000000,AAPL,XNAS,1.0001888275146484,100,18.0,BUY
1749314608000000000,AAPL,XNAS,0.9999339580535889,100,421.0,BUY
1749314632000000000,AAPL,XNAS,0.9999527931213379,100,32.0,BUY
1749314786000000000,AAPL,XNAS,0.9995395541191101,100,342.0,BUY
1749314853000000000,AAPL,XNAS,0.9998134970664978,100,167.0,SELL
1749314958000000000,AAPL,XNAS,1.0003973245620728,100,98.0,SELL
1749314961000000000,AAPL,XNAS,1.0004247426986694,100,1.0,SELL
1749315020000000000,AAPL,XNAS,1.0025333166122437,100,52.0,SELL
1749315061000000000,AAPL,XNAS,1.0047705173492432,100,2.0,UNKNOWN
1749315063000000000,AAPL,XNAS,1.0047078132629395,100,21.0,SELL
1749315074000000000,AAPL,XNAS,1.0065041780471802,101,230.0,BUY
1749315096000000000,AAPL,XNAS,1.0068774223327637,101,102.0,BUY
1749315098000000000,AAPL,XNAS,1.006881833076477,101,115.0,BUY
1749315132000000000,AAPL,XNAS,1.0055601596832275,101,1.0,BUY
1749315143000000000,AAPL,XNAS,1.006797194480896,101,500.0,SELL
1749315146000000000,AAPL,XNAS,1.0065441131591797,101,43.0,SELL
1749315162000000000,AAPL,XNAS,1.0065470933914185,101,2.0,SELL
1749315167000000000,AAPL,XNAS,1.0064154863357544,101,210.0,SELL
1749315168000000000,AAPL,XNAS,1.0054612159729004,101,157.0,SELL
1749315200000000000,AAPL,XNAS,1.003463864326477,100,112.0,SELL
1749315201000000000,AAPL,XNAS,1.004573106765747,100,50.0,SELL
1749315210000000000,AAPL,XNAS,1.003528118133545,100,203.0,BUY
1749315224000000000,AAPL,XNAS,1.0030268430709839,100,200.0,SELL
1749315231000000000,AAPL,XNAS,1.003122329711914,100,105.0,BUY
1749315251000000000,AAPL,XNAS,1.0009541511535645,100,99.0,SELL
1749315261000000000,AAPL,XNAS,1.000100016593933,100,406.0,SELL
1749315266000000000,AAPL,XNAS,0.9992433190345764,100,2.0,BUY
1749315299000000000,AAPL,XNAS,0.9972812533378601,100,231.0,SELL
1749315307000000000,AAPL,XNAS,0.9966112971305847,100,1.0,SELL
1749315316000000000,AAPL,XNAS,0.9981904625892639,100,2.0,BUY
1749315323000000000,AAPL,XNAS,0.9960190653800964,100,110.0,SELL
1749315336000000000,AAPL,XNAS,0.9959532618522644,100,501.0,SELL
1749315339000000000,AAPL,XNAS,0.9959499835968018,100,401.0,BUY
1749315340000000000,AAPL,XNAS,0.9953610897064209,100,1.0,SELL
1749315352000000000,AAPL,XNAS,0.9978858232498169,100,793.0,BUY
1749315408000000000,AAPL,XNAS,0.9975982904434204,100,1.0,SELL
1749315425000000000,AAPL,XNAS,0.9957910776138306,100,215.0,BUY
1749315426000000000,AAPL,XNAS,0.9951636791229248,100,2.0,SELL
1749315433000000000,AAPL,XNAS,0.9975324869155884,100,100.0,SELL
1749315434000000000,AAPL,XNAS,0.9995188117027283,100,123.0,BUY
1749315447000000000,AAPL,XNAS,0.9979931116104126,100,100.0,BUY
1749315481000000000,AAPL,XNAS,0.995558500289917,100,2.0,BUY
1749315510000000000,AAPL,XNAS,0.9933744072914124,99,78.0,BUY
1749315530000000000,AAPL,XNAS,0.9912485480308533,99,132.0,SELL
1749315541000000000,AAPL,XNAS,0.9912156462669373,99,2.0,SELL
1749315626000000000,AAPL,XNAS,0.994535505771637,99,1.0,SELL
1749315664000000000,AAPL,XNAS,0.9969109296798706,100,127.0,BUY
1749315679000000000,AAPL,XNAS,0.9976580739021301,100,7.0,SELL
1749315700000000000,AAPL,XNAS,0.9962735772132874,100,302.0,SELL
1749315733000000000,AAPL,XNAS,0.9933267831802368,99,127.0,SELL
1749315735000000000,AAPL,XNAS,0.9931756854057312,99,1.0,SELL
1749315758000000000,AAPL,XNAS,0.9922439455986023,99,200.0,BUY
1749315760000000000,AAPL,XNAS,0.9915136694908142,99,1.0,SELL
1749315764000000000,AAPL,XNAS,0.9904308915138245,99,200.0,SELL
1749315768000000000,AAPL,XNAS,0.9904560446739197,99,100.0,SELL
1749315798000000000,AAPL,XNAS,0.9907078742980957,99,100.0,SELL
1749315822000000000,AAPL,XNAS,0.991211473941803,99,100.0,SELL
1749315831000000000,AAPL,XNAS,0.991715133190155,99,1.0,UNKNOWN
1749315894000000000,AAPL,XNAS,0.9918158650398254,99,1.0,BUY
1749315958000000000,AAPL,XNAS,0.9934824705123901,99,220.0,SELL
1749315965000000000,AAPL,XNAS,0.9940319061279297,99,52.0,SELL
1749315969000000000,AAPL,XNAS,0.9940319061279297,99,26.0,SELL
1749315995000000000,AAPL,XNAS,0.995290994644165,100,100.0,BUY
1749316026000000000,AAPL,XNAS,0.9954420924186707,100,1.0,SELL
1749316043000000000,AAPL,XNAS,0.9970460534095764,100,1027.0,BUY
1749316044000000000,AAPL,XNAS,0.9970537424087524,100,200.0,BUY
1749316047000000000,AAPL,XNAS,0.9969426393508911,100,68.0,BUY
1749316053000000000,AAPL,XNAS,0.9970033764839172,100,140.0,BUY
1749316074000000000,AAPL,XNAS,0.9955763816833496,100,300.0,BUY
1749316103000000000,AAPL,XNAS,0.9952406287193298,100,1.0,BUY
1749316162000000000,AAPL,XNAS,0.9949887990951538,99,3.0,BUY
1749316224000000000,AAPL,XNAS,0.9999756217002869,100,200.0,SELL
1749316228000000000,AAPL,XNAS,0.9997562766075134,100,1.0,SELL
1749316229000000000,AAPL,XNAS,0.9996100068092346,100,6.0,SELL
1749316231000000000,AAPL,XNAS,0.9995612502098083,100,2.0,SELL
1749316264000000000,AAPL,XNAS,0.9995518922805786,100,26.0,SELL
1749316300000000000,AAPL,XNAS,0.9993746876716614,100,121.0,SELL
1749316303000000000,AAPL,XNAS,0.9997075200080872,100,22.0,BUY
1749316309000000000,AAPL,XNAS,0.9990633130073547,100,14.0,BUY
1749316310000000000,AAPL,XNAS,0.9988878965377808,100,144.0,SELL
1749316328000000000,AAPL,XNAS,0.9987812638282776,100,31.0,SELL
1749316339000000000,AAPL,XNAS,0.9994149804115295,100,27.0,BUY
1749316343000000000,AAPL,XNAS,0.9997477531433105,100,132.0,SELL
1749316344000000000,AAPL,XNAS,1.0001235008239746,100,231.0,BUY
1749316346000000000,AAPL,XNAS,1.0002925395965576,100,2.0,BUY
1749316349000000000,AAPL,XNAS,1.000386357307434,100,177.0,BUY
1749316352000000000,AAPL,XNAS,1.0006986856460571,100,90.0,BUY
1749316365000000000,AAPL,XNAS,1.0002899169921875,100,190.0,BUY
1749316370000000000,AAPL,XNAS,0.9998537302017212,100,4.0,SELL
1749316371000000000,AAPL,XNAS,0.9995501041412354,100,402.0,BUY
1749316378000000000,AAPL,XNAS,0.9998537302017212,100,100.0,BUY
1749316425000000000,AAPL,XNAS,0.9998049736022949,100,49.0,BUY
1749316431000000000,AAPL,XNAS,0.9992572069168091,100,219.0,BUY
1749316444000000000,AAPL,XNAS,0.99961256980896,100,114.0,BUY
1749316454000000000,AAPL,XNAS,0.9999639391899109,100,100.0,BUY
1749316461000000000,AAPL,XNAS,0.999171257019043,100,2.0,SELL
1749316463000000000,AAPL,XNAS,0.9988300204277039,100,54.0,SELL
1749316464000000000,AAPL,XNAS,0.9985851645469666,100,348.0,SELL
1749316465000000000,AAPL,XNAS,0.9984291791915894,100,45.0,SELL
1749316466000000000,AAPL,XNAS,0.9982657432556152,100,127.0,SELL
1749316501000000000,AAPL,XNAS,0.9979483485221863,100,529.0,BUY
1749316503000000000,AAPL,XNAS,0.9974162578582764,100,3.0,SELL
1749316510000000000,AAPL,XNAS,0.9974139928817749,100,216.0,SELL
1749316519000000000,AAPL,XNAS,0.9980012774467468,100,2.0,SELL
1749316520000000000,AAPL,XNAS,0.9982060194015503,100,10.0,SELL
1749316521000000000,AAPL,XNAS,0.998537540435791,100,5.0,BUY
1749316524000000000,AAPL,XNAS,0.9986472129821777,100,40.0,BUY
1749316531000000000,AAPL,XNAS,0.9987325072288513,100,5.0,BUY
1749316537000000000,AAPL,XNAS,0.9981754422187805,100,206.0,SELL
1749316543000000000,AAPL,XNAS,0.9980500340461731,100,58.0,SELL
1749316556000000000,AAPL,XNAS,0.9977030158042908,100,102.0,BUY
1749316571000000000,AAPL,XNAS,0.9982937574386597,100,5.0,BUY
1749316580000000000,AAPL,XNAS,0.9983425140380859,100,1.0,BUY
1749316581000000000,AAPL,XNAS,0.998595118522644,100,165.0,BUY
1749316593000000000,AAPL,XNAS,0.9971237778663635,100,111.0,SELL
1749316595000000000,AAPL,XNAS,0.9968312978744507,100,1.0,SELL
1749316622000000000,AAPL,XNAS,0.9969287514686584,100,1.0,SELL
1749316653000000000,AAPL,XNAS,0.9967327117919922,100,92.0,SELL
1749316655000000000,AAPL,XNAS,0.9964413046836853,100,1.0,SELL
1749316656000000000,AAPL,XNAS,0.9964413046836853,100,69.0,SELL
1749316703000000000,AAPL,XNAS,0.9970750212669373,100,237.0,BUY
1749316721000000000,AAPL,XNAS,0.9965875148773193,100,5.0,SELL
1749316734000000000,AAPL,XNAS,0.9976845383644104,100,755.0,BUY
1749316742000000000,AAPL,XNAS,0.9979037642478943,100,64.0,BUY
1749316755000000000,AAPL,XNAS,0.9980238676071167,100,138.0,BUY
1749316762000000000,AAPL,XNAS,0.9974662065505981,100,830.0,BUY
1749316764000000000,AAPL,XNAS,0.9975137710571289,100,56.0,SELL
1749316819000000000,AAPL,XNAS,0.9998099207878113,100,1.0,SELL
1749316867000000000,AAPL,XNAS,0.9996673464775085,100,7.0,SELL
1749316881000000000,AAPL,XNAS,0.9997623562812805,100,1.0,UNKNOWN
1749316891000000000,AAPL,XNAS,0.9999049305915833,100,315.0,BUY
1749316911000000000,AAPL,XNAS,0.9998591542243958,100,112.0,BUY
1749316912000000000,AAPL,XNAS,0.9999049305915833,100,100.0,BUY
1749316925000000000,AAPL,XNAS,0.9997623562812805,100,208.0,SELL
1749316939000000000,AAPL,XNAS,1.0,100,85.0,SELL
1749316958000000000,AAPL,XNAS,1.0,100,1.0,SELL
1749316975000000000,AAPL,XNAS,0.9998099207878113,100,6.0,SELL
1749316986000000000,AAPL,XNAS,0.9997148513793945,100,100.0,SELL
1749316997000000000,AAPL,XNAS,0.9999049305915833,100,100.0,BUY
1749317033000000000,AAPL,XNAS,0.9998745322227478,100,303.0,SELL
1749317038000000000,AAPL,XNAS,1.0002119541168213,100,218.0,SELL
1749317056000000000,AAPL,XNAS,1.0001425743103027,100,16.0,BUY
1749317079000000000,AAPL,XNAS,1.0001901388168335,100,1.0,BUY
1749317187000000000,AAPL,XNAS,1.0000004768371582,100,102.0,BUY
1749317242000000000,AAPL,XNAS,0.9999049305915833,100,68.0,SELL
1749317312000000000,AAPL,XNAS,0.9996673464775085,100,1.0,SELL
1749317314000000000,AAPL,XNAS,0.9996911883354187,100,199.0,SELL
1749317379000000000,AAPL,XNAS,0.999485433101654,100,372.0,BUY
1749317384000000000,AAPL,XNAS,0.9992871284484863,100,83.0,SELL
1749317388000000000,AAPL,XNAS,0.9992594122886658,100,24.0,BUY
1749317415000000000,AAPL,XNAS,1.00005042552948,100,215.0,BUY
1749317430000000000,AAPL,XNAS,0.9990208745002747,100,1.0,SELL
1749317454000000000,AAPL,XNAS,0.9984422922134399,100,8.0,SELL
1749317455000000000,AAPL,XNAS,0.998765230178833,100,146.0,SELL
1749317459000000000,AAPL,XNAS,0.9995846152305603,100,400.0,SELL
1749317510000000000,AAPL,XNAS,0.99967360496521,100,1.0,BUY
1749317516000000000,AAPL,XNAS,0.9996538162231445,100,300.0,BUY
1749317517000000000,AAPL,XNAS,0.9997922778129578,100,10.0,BUY
1749317520000000000,AAPL,XNAS,1.0000494718551636,100,300.0,BUY
1749317533000000000,AAPL,XNAS,0.9997329711914062,100,120.0,BUY
1749317555000000000,AAPL,XNAS,1.0005760192871094,100,213.0,BUY
1749317557000000000,AAPL,XNAS,1.0011547803878784,100,102.0,BUY
1749317575000000000,AAPL,XNAS,0.9996001124382019,100,184.0,SELL
1749317618000000000,AAPL,XNAS,0.9989615082740784,100,377.0,SELL
1749317638000000000,AAPL,XNAS,0.9982284903526306,100,343.0,SELL
1749317639000000000,AAPL,XNAS,0.9975373148918152,100,2.0,SELL
1749317650000000000,AAPL,XNAS,0.9990894794464111,100,306.0,SELL
1749317671000000000,AAPL,XNAS,0.998092770576477,100,427.0,SELL
1749317682000000000,AAPL,XNAS,0.9974779486656189,100,6.0,SELL
1749317711000000000,AAPL,XNAS,0.9978340268135071,100,1.0,UNKNOWN
1749317745000000000,AAPL,XNAS,0.9986176490783691,100,536.0,SELL
1749317746000000000,AAPL,XNAS,0.9995549321174622,100,2.0,SELL
1749317812000000000,AAPL,XNAS,1.0021874904632568,100,301.0,BUY
1749317815000000000,AAPL,XNAS,1.0028780698776245,100,32.0,BUY
1749317820000000000,AAPL,XNAS,1.003293514251709,100,4.0,BUY
1749317844000000000,AAPL,XNAS,1.0017075538635254,100,852.0,SELL
1749317845000000000,AAPL,XNAS,1.0016318559646606,100,20.0,SELL
1749317846000000000,AAPL,XNAS,1.001275897026062,100,200.0,BUY
1749317880000000000,AAPL,XNAS,1.0018693208694458,100,100.0,BUY
1749317882000000000,AAPL,XNAS,1.0027594566345215,100,3.0,BUY
1749317884000000000,AAPL,XNAS,1.0029374361038208,100,1.0,BUY
1749317891000000000,AAPL,XNAS,1.0032341480255127,100,1.0,BUY
1749317892000000000,AAPL,XNAS,1.0034714937210083,100,1.0,SELL
1749317927000000000,AAPL,XNAS,1.0028712749481201,100,467.0,BUY
1749317981000000000,AAPL,XNAS,1.0020437240600586,100,202.0,SELL
1749317990000000000,AAPL,XNAS,0.9999366402626038,100,347.0,BUY
1749318009000000000,AAPL,XNAS,1.0005407333374023,100,2.0,BUY
1749318014000000000,AAPL,XNAS,1.0006574392318726,100,102.0,BUY
1749318019000000000,AAPL,XNAS,1.0007994174957275,100,1.0,BUY
1749318040000000000,AAPL,XNAS,1.000929355621338,100,135.0,BUY
1749318042000000000,AAPL,XNAS,1.0011059045791626,100,235.0,SELL
1749318045000000000,AAPL,XNAS,1.0013166666030884,100,23.0,BUY
1749318049000000000,AAPL,XNAS,1.0013166666030884,100,67.0,BUY
1749318050000000000,AAPL,XNAS,1.0017297267913818,100,135.0,BUY
1749318051000000000,AAPL,XNAS,1.0015047788619995,100,2.0,BUY
1749318064000000000,AAPL,XNAS,1.0012695789337158,100,101.0,BUY
1749318066000000000,AAPL,XNAS,1.001410722732544,100,99.0,BUY
1749318105000000000,AAPL,XNAS,1.001598834991455,100,1.0,SELL
1749318131000000000,AAPL,XNAS,1.0017869472503662,100,93.0,BUY
1749318132000000000,AAPL,XNAS,1.001599907875061,100,126.0,SELL
1749318134000000000,AAPL,XNAS,1.001598834991455,100,175.0,BUY
1749318136000000000,AAPL,XNAS,1.001410722732544,100,1.0,SELL
1749318137000000000,AAPL,XNAS,1.001410722732544,100,25.0,SELL
1749318164000000000,AAPL,XNAS,1.0015047788619995,100,1.0,BUY
1749318188000000000,AAPL,XNAS,1.001598834991455,100,4.0,BUY
1749318197000000000,AAPL,XNAS,1.0017398595809937,100,3.0,BUY
1749318224000000000,AAPL,XNAS,1.0015047788619995,100,1.0,BUY
1749318253000000000,AAPL,XNAS,1.0015517473220825,100,20.0,BUY
1749318284000000000,AAPL,XNAS,1.001457691192627,100,2.0,BUY
1749318288000000000,AAPL,XNAS,1.0013166666030884,100,2.0,BUY
1749318295000000000,AAPL,XNAS,1.0012226104736328,100,102.0,SELL
1749318328000000000,AAPL,XNAS,1.0018808841705322,100,3.0,BUY
1749318335000000000,AAPL,XNAS,1.001598834991455,100,2.0,SELL
1749318345000000000,AAPL,XNAS,1.001645803451538,100,2.0,SELL
1749318346000000000,AAPL,XNAS,1.001598834991455,100,102.0,BUY
1749318396000000000,AAPL,XNAS,1.001410722732544,100,2.0,SELL
1749318405000000000,AAPL,XNAS,1.001457691192627,100,4.0,BUY
1749318461000000000,AAPL,XNAS,1.0015047788619995,100,1.0,SELL
1749318488000000000,AAPL,XNAS,1.0015517473220825,100,1.0,SELL
1749318494000000000,AAPL,XNAS,1.001610517501831,100,4.0,BUY
1749318518000000000,AAPL,XNAS,1.0014985799789429,100,23.0,BUY
1749318527000000000,AAPL,XNAS,1.0015047788619995,100,4.0,BUY
1749318542000000000,AAPL,XNAS,1.0017869472503662,100,2.0,BUY
1749318543000000000,AAPL,XNAS,1.0019701719284058,100,280.0,SELL
1749318556000000000,AAPL,XNAS,1.0022101402282715,100,26.0,BUY
1749318559000000000,AAPL,XNAS,1.002304196357727,100,3.0,BUY
1749318580000000000,AAPL,XNAS,1.0022101402282715,100,2.0,SELL
1749318592000000000,AAPL,XNAS,1.00252103805542,100,168.0,BUY
1749318595000000000,AAPL,XNAS,1.0026336908340454,100,126.0,BUY
1749318596000000000,AAPL,XNAS,1.0027649402618408,100,5.0,BUY
1749318675000000000,AAPL,XNAS,1.002832293510437,100,326.0,SELL
1749318715000000000,AAPL,XNAS,1.0031300783157349,100,279.0,BUY
1749318720000000000,AAPL,XNAS,1.0029257535934448,100,6.0,SELL
1749318724000000000,AAPL,XNAS,1.003941297531128,100,33.0,BUY
1749318729000000000,AAPL,XNAS,1.0027806758880615,100,86.0,SELL
1749318737000000000,AAPL,XNAS,1.0043435096740723,100,547.0,BUY
1749318740000000000,AAPL,XNAS,1.004460096359253,100,543.0,SELL
1749318762000000000,AAPL,XNAS,1.0047633647918701,100,75.0,SELL
1749318777000000000,AAPL,XNAS,1.004715085029602,100,7.0,SELL
1749318778000000000,AAPL,XNAS,1.0042731761932373,100,22.0,SELL
1749318779000000000,AAPL,XNAS,1.003463625907898,100,41.0,SELL
1749318780000000000,AAPL,XNAS,1.0031192302703857,100,100.0,SELL
1749318782000000000,AAPL,XNAS,1.000811219215393,100,1365.0,SELL
1749318783000000000,AAPL,XNAS,1.0022003650665283,100,90.0,BUY
1749318790000000000,AAPL,XNAS,1.0016200542449951,100,3.0,SELL
1749318810000000000,AAPL,XNAS,1.0015233755111694,100,45.0,BUY
1749318825000000000,AAPL,XNAS,1.001015543937683,100,6.0,SELL
1749318848000000000,AAPL,XNAS,1.0011848211288452,100,2.0,SELL
1749318853000000000,AAPL,XNAS,1.0019128322601318,100,721.0,BUY
1749318857000000000,AAPL,XNAS,1.0012061595916748,100,322.0,BUY
1749318862000000000,AAPL,XNAS,1.000604510307312,100,100.0,SELL
1749318876000000000,AAPL,XNAS,1.0004982948303223,100,462.0,BUY
1749318877000000000,AAPL,XNAS,0.999782383441925,100,20.0,SELL
1749318902000000000,AAPL,XNAS,0.9999758005142212,100,37.0,BUY
1749318922000000000,AAPL,XNAS,1.0000241994857788,100,2.0,SELL
1749318927000000000,AAPL,XNAS,0.9994438886642456,100,100.0,SELL
1749318931000000000,AAPL,XNAS,1.0000241994857788,100,2.0,SELL
1749318940000000000,AAPL,XNAS,1.0013521909713745,100,691.0,BUY
1749318945000000000,AAPL,XNAS,0.9999004602432251,100,430.0,SELL
1749318947000000000,AAPL,XNAS,1.0005078315734863,100,98.0,SELL
1749318952000000000,AAPL,XNAS,1.0005565881729126,100,433.0,BUY
1749318957000000000,AAPL,XNAS,1.000169277191162,100,2.0,SELL
1749318959000000000,AAPL,XNAS,1.0011364221572876,100,30.0,BUY
1749318973000000000,AAPL,XNAS,0.9995319843292236,100,253.0,SELL
1749318974000000000,AAPL,XNAS,0.9999274611473083,100,2.0,SELL
1749318977000000000,AAPL,XNAS,0.9995889663696289,100,120.0,SELL
1749318985000000000,AAPL,XNAS,1.0005556344985962,100,301.0,SELL
1749319002000000000,AAPL,XNAS,1.0011848211288452,100,200.0,SELL
1749319029000000000,AAPL,XNAS,1.0010881423950195,100,20.0,SELL
1749319035000000000,AAPL,XNAS,1.002232551574707,100,531.0,SELL
1749319038000000000,AAPL,XNAS,1.0025871992111206,100,8.0,BUY
1749319056000000000,AAPL,XNAS,1.002140760421753,100,341.0,SELL
1749319062000000000,AAPL,XNAS,1.0018041133880615,100,124.0,SELL
1749319077000000000,AAPL,XNAS,1.0025389194488525,100,100.0,SELL
1749319079000000000,AAPL,XNAS,1.0024381875991821,100,196.0,SELL
1749319093000000000,AAPL,XNAS,1.002490520477295,100,400.0,BUY
1749319110000000000,AAPL,XNAS,1.002977728843689,100,216.0,SELL
1749319112000000000,AAPL,XNAS,1.0031192302703857,100,100.0,BUY
1749319120000000000,AAPL,XNAS,1.0028585195541382,100,292.0,BUY
1749319127000000000,AAPL,XNAS,1.0024421215057373,100,2.0,SELL
1749319128000000000,AAPL,XNAS,1.002055287361145,100,100.0,SELL
1749319144000000000,AAPL,XNAS,1.0023454427719116,100,1.0,SELL
1749319165000000000,AAPL,XNAS,1.0031288862228394,100,500.0,SELL
1749319166000000000,AAPL,XNAS,1.0030224323272705,100,1.0,SELL
1749319212000000000,AAPL,XNAS,0.9996458292007446,100,92.0,SELL
1749319307000000000,AAPL,XNAS,1.000329613685608,100,717.0,SELL
1749319308000000000,AAPL,XNAS,1.000506043434143,100,88.0,BUY
1749319380000000000,AAPL,XNAS,1.0006577968597412,100,7.0,BUY
1749319411000000000,AAPL,XNAS,1.000710129737854,100,141.0,BUY
1749319413000000000,AAPL,XNAS,1.0007083415985107,100,16.0,SELL
1749319424000000000,AAPL,XNAS,1.000910758972168,100,7.0,BUY
1749319464000000000,AAPL,XNAS,1.000910758972168,100,1.0,BUY
1749319471000000000,AAPL,XNAS,1.0010292530059814,100,308.0,BUY
1749319488000000000,AAPL,XNAS,1.0007574558258057,100,390.0,BUY
1749319596000000000,AAPL,XNAS,1.000506043434143,100,99.0,SELL
1749319713000000000,AAPL,XNAS,1.0006577968597412,100,1.0,SELL
1749319745000000000,AAPL,XNAS,1.0006072521209717,100,385.0,BUY
1749319748000000000,AAPL,XNAS,1.0003782510757446,100,191.0,SELL
1749319772000000000,AAPL,XNAS,1.0008095502853394,100,51.0,SELL
1749319780000000000,AAPL,XNAS,1.0007083415985107,100,14.0,BUY
1749319818000000000,AAPL,XNAS,0.9994299411773682,100,2.0,SELL
1749319819000000000,AAPL,XNAS,0.9990623593330383,100,107.0,SELL
1749319820000000000,AAPL,XNAS,0.9994299411773682,100,50.0,BUY
1749319821000000000,AAPL,XNAS,0.9990499019622803,100,1.0,SELL
1749319823000000000,AAPL,XNAS,0.9990023970603943,100,1.0,SELL
1749319846000000000,AAPL,XNAS,0.9986935257911682,100,201.0,BUY
1749319851000000000,AAPL,XNAS,0.9986699223518372,100,1.0,BUY
1749319856000000000,AAPL,XNAS,0.9981473684310913,100,3.0,SELL
1749319865000000000,AAPL,XNAS,0.9989548921585083,100,227.0,SELL
1749319876000000000,AAPL,XNAS,0.9993824362754822,100,18.0,BUY
1749319896000000000,AAPL,XNAS,0.9998117685317993,100,106.0,SELL
1749319903000000000,AAPL,XNAS,0.9994299411773682,100,2.0,SELL
1749319909000000000,AAPL,XNAS,0.9990974068641663,100,1.0,SELL
1749319917000000000,AAPL,XNAS,0.9990499019622803,100,29.0,SELL
1749319921000000000,AAPL,XNAS,0.9990023970603943,100,1.0,SELL
1749319922000000000,AAPL,XNAS,0.9989548921585083,100,1.0,SELL
1749319924000000000,AAPL,XNAS,0.9987639784812927,100,102.0,SELL
1749319928000000000,AAPL,XNAS,0.9987174272537231,100,98.0,SELL
1749319934000000000,AAPL,XNAS,0.9984799027442932,100,100.0,BUY
1749319938000000000,AAPL,XNAS,0.9980097413063049,100,223.0,BUY
1749319939000000000,AAPL,XNAS,0.9981375336647034,100,126.0,SELL
1749319942000000000,AAPL,XNAS,0.9986699223518372,100,17.0,BUY
1749319944000000000,AAPL,XNAS,0.9986699223518372,100,8.0,BUY
1749319945000000000,AAPL,XNAS,0.9987174272537231,100,3.0,BUY
1749319956000000000,AAPL,XNAS,0.9993824362754822,100,178.0,SELL
1749319957000000000,AAPL,XNAS,0.9991924166679382,100,1.0,SELL
1749319959000000000,AAPL,XNAS,0.9990974068641663,100,1.0,BUY
1749319997000000000,AAPL,XNAS,0.999857485294342,100,20.0,BUY
1749320005000000000,AAPL,XNAS,1.0001277923583984,100,303.0,SELL
1749320016000000000,AAPL,XNAS,1.0002374649047852,100,2.0,SELL
1749320077000000000,AAPL,XNAS,1.000585913658142,100,300.0,BUY
1749320078000000000,AAPL,XNAS,1.0010377168655396,100,78.0,BUY
1749320089000000000,AAPL,XNAS,1.000380039215088,100,1.0,SELL
1749320105000000000,AAPL,XNAS,1.0011401176452637,100,6.0,SELL
1749320117000000000,AAPL,XNAS,1.000522494316101,100,100.0,SELL
1749320119000000000,AAPL,XNAS,1.0003324747085571,100,1.0,SELL
1749320129000000000,AAPL,XNAS,1.000380039215088,100,2.0,BUY
1749320148000000000,AAPL,XNAS,1.0004750490188599,100,1.0,BUY
1749320157000000000,AAPL,XNAS,1.000095009803772,100,100.0,BUY
1749320159000000000,AAPL,XNAS,0.9997529983520508,100,500.0,BUY
1749320170000000000,AAPL,XNAS,1.0,100,100.0,SELL
1749320174000000000,AAPL,XNAS,1.0004750490188599,100,200.0,SELL
1749320187000000000,AAPL,XNAS,1.0010451078414917,100,35.0,BUY
1749320196000000000,AAPL,XNAS,1.0014251470565796,100,2.0,BUY
1749320202000000000,AAPL,XNAS,1.0016151666641235,100,4.0,SELL
1749320252000000000,AAPL,XNAS,1.0012351274490356,100,2.0,BUY
1749320255000000000,AAPL,XNAS,1.0014251470565796,100,105.0,SELL
1749320256000000000,AAPL,XNAS,1.0016151666641235,100,2.0,SELL
1749320316000000000,AAPL,XNAS,1.0014251470565796,100,2.0,BUY
1749320318000000000,AAPL,XNAS,1.000898838043213,100,90.0,SELL
1749320319000000000,AAPL,XNAS,1.000712513923645,100,2.0,BUY
1749320348000000000,AAPL,XNAS,1.0009500980377197,100,19.0,BUY
1749320349000000000,AAPL,XNAS,1.000285029411316,100,2.0,SELL
1749320366000000000,AAPL,XNAS,1.000285029411316,100,1.0,SELL
1749320369000000000,AAPL,XNAS,1.000577688217163,100,125.0,SELL
1749320378000000000,AAPL,XNAS,1.0007091760635376,100,71.0,BUY
1749320380000000000,AAPL,XNAS,1.000285029411316,100,1.0,SELL
1749320401000000000,AAPL,XNAS,0.9993600845336914,100,202.0,SELL
1749320409000000000,AAPL,XNAS,0.9989568591117859,100,57.0,SELL
1749320410000000000,AAPL,XNAS,0.9985594749450684,100,189.0,SELL
1749320433000000000,AAPL,XNAS,0.9978755712509155,100,1.0,SELL
1749320440000000000,AAPL,XNAS,0.9978243708610535,100,30.0,BUY
1749320457000000000,AAPL,XNAS,0.9982481598854065,100,122.0,BUY
1749320460000000000,AAPL,XNAS,0.9986945986747742,100,8.0,BUY
1749320489000000000,AAPL,XNAS,0.9997286796569824,100,15.0,BUY
1749320529000000000,AAPL,XNAS,0.999667227268219,100,3.0,SELL
1749320536000000000,AAPL,XNAS,0.9991568326950073,100,103.0,SELL
1749320570000000000,AAPL,XNAS,0.9982377290725708,100,415.0,BUY
1749320571000000000,AAPL,XNAS,0.9976195693016052,100,2.0,BUY
1749320577000000000,AAPL,XNAS,0.9978755712509155,100,10.0,SELL
1749320584000000000,AAPL,XNAS,0.9987044930458069,100,119.0,BUY
1749320589000000000,AAPL,XNAS,0.9985922574996948,100,300.0,SELL
1749320616000000000,AAPL,XNAS,0.9984386563301086,100,8.0,SELL
1749320617000000000,AAPL,XNAS,0.9983879923820496,100,101.0,SELL
1749320621000000000,AAPL,XNAS,0.9977316856384277,100,322.0,SELL
1749320628000000000,AAPL,XNAS,0.9972115755081177,100,103.0,SELL
1749320642000000000,AAPL,XNAS,0.9970564842224121,100,117.0,BUY
1749320644000000000,AAPL,XNAS,0.9966655969619751,100,22.0,SELL
1749320672000000000,AAPL,XNAS,0.9966469407081604,100,25.0,SELL
1749320697000000000,AAPL,XNAS,0.9957255125045776,100,4.0,SELL
1749320699000000000,AAPL,XNAS,0.9957255125045776,100,1.0,SELL
1749320705000000000,AAPL,XNAS,0.996544599533081,100,1.0,BUY
1749320717000000000,AAPL,XNAS,0.9957767128944397,100,100.0,SELL
1749320718000000000,AAPL,XNAS,0.9965957403182983,100,20.0,BUY
1749320744000000000,AAPL,XNAS,0.996954083442688,100,780.0,BUY
1749320747000000000,AAPL,XNAS,0.9963397979736328,100,87.0,SELL
1749320762000000000,AAPL,XNAS,0.9957125186920166,100,532.0,SELL
1749320807000000000,AAPL,XNAS,0.9952647686004639,100,55.0,SELL
1749320810000000000,AAPL,XNAS,0.9944841265678406,99,4.0,SELL
1749320827000000000,AAPL,XNAS,0.9952647686004639,100,3.0,SELL
1749320874000000000,AAPL,XNAS,0.9967686533927917,100,512.0,BUY
1749320910000000000,AAPL,XNAS,0.9962373971939087,100,5.0,SELL
1749320935000000000,AAPL,XNAS,0.9962373971939087,100,1.0,SELL
1749320949000000000,AAPL,XNAS,0.9962373971939087,100,3.0,SELL
1749320963000000000,AAPL,XNAS,0.9958279132843018,100,6.0,SELL
1749320965000000000,AAPL,XNAS,0.9961862564086914,100,4.0,SELL
1749320981000000000,AAPL,XNAS,0.9953523874282837,100,305.0,SELL
1749320982000000000,AAPL,XNAS,0.9951112270355225,100,101.0,SELL
1749321043000000000,AAPL,XNAS,0.9995993971824646,100,120.0,BUY
1749321090000000000,AAPL,XNAS,0.9993165731430054,100,3.0,UNKNOWN
1749321095000000000,AAPL,XNAS,0.999589204788208,100,301.0,SELL
1749321237000000000,AAPL,XNAS,0.9996464848518372,100,1.0,BUY
1749321308000000000,AAPL,XNAS,1.0000357627868652,100,445.0,SELL
1749321332000000000,AAPL,XNAS,1.0010453462600708,100,28.0,BUY
1749321353000000000,AAPL,XNAS,1.000636339187622,100,571.0,SELL
1749321355000000000,AAPL,XNAS,1.0012961626052856,100,1.0,UNKNOWN
1749321403000000000,AAPL,XNAS,1.0010604858398438,100,100.0,BUY
1749321416000000000,AAPL,XNAS,1.0010600090026855,100,106.0,SELL
1749321502000000000,AAPL,XNAS,1.001201868057251,100,3.0,BUY
1749321509000000000,AAPL,XNAS,1.0006245374679565,100,400.0,BUY
1749321543000000000,AAPL,XNAS,1.0003063678741455,100,8.0,BUY
1749321553000000000,AAPL,XNAS,1.0004477500915527,100,2.0,BUY
1749321574000000000,AAPL,XNAS,1.0006479024887085,100,402.0,SELL
1749321645000000000,AAPL,XNAS,1.0006662607192993,100,17.0,BUY
1749321671000000000,AAPL,XNAS,1.0009043216705322,100,1.0,BUY
1749321672000000000,AAPL,XNAS,1.0004758834838867,100,1.0,SELL
1749321693000000000,AAPL,XNAS,1.0006186962127686,100,1.0,SELL
1749321698000000000,AAPL,XNAS,1.0003331899642944,100,147.0,BUY
1749321748000000000,AAPL,XNAS,1.0000951290130615,100,5.0,SELL
1749321779000000000,AAPL,XNAS,1.0003807544708252,100,1.0,SELL
1749321794000000000,AAPL,XNAS,1.0003807544708252,100,1.0,SELL
1749321839000000000,AAPL,XNAS,1.0003807544708252,100,1.0,SELL
1749321850000000000,AAPL,XNAS,1.0001428127288818,100,100.0,SELL
1749321871000000000,AAPL,XNAS,1.0000951290130615,100,100.0,SELL
1749321880000000000,AAPL,XNAS,0.9998493790626526,100,121.0,SELL
1749321955000000000,AAPL,XNAS,1.000523567199707,100,100.0,BUY
1749321996000000000,AAPL,XNAS,1.0002855062484741,100,1.0,BUY
1749322003000000000,AAPL,XNAS,1.0001428127288818,100,1.0,SELL
1749322019000000000,AAPL,XNAS,0.9999547600746155,100,101.0,SELL
1749322078000000000,AAPL,XNAS,0.9997991919517517,100,237.0,SELL
1749322143000000000,AAPL,XNAS,0.9998118877410889,100,21.0,BUY
1749322152000000000,AAPL,XNAS,0.9994059205055237,100,299.0,SELL
1749322199000000000,AAPL,XNAS,0.9996668696403503,100,1.0,SELL
1749322283000000000,AAPL,XNAS,1.0027848482131958,100,1.0,BUY
1749322312000000000,AAPL,XNAS,1.0022037029266357,100,90.0,SELL
1749322316000000000,AAPL,XNAS,1.0022886991500854,100,49.0,SELL
1749322318000000000,AAPL,XNAS,1.0025427341461182,100,100.0,SELL
1749322320000000000,AAPL,XNAS,1.001913070678711,100,100.0,SELL
1749322350000000000,AAPL,XNAS,1.0022037029266357,100,100.0,BUY
1749322376000000000,AAPL,XNAS,1.0017327070236206,100,189.0,BUY
1749322390000000000,AAPL,XNAS,1.001719355583191,100,1.0,BUY
1749322392000000000,AAPL,XNAS,1.0023971796035767,100,301.0,SELL
1749322423000000000,AAPL,XNAS,1.0027848482131958,100,11.0,SELL
1749322428000000000,AAPL,XNAS,1.0027848482131958,100,89.0,BUY
1749322477000000000,AAPL,XNAS,1.0022037029266357,100,83.0,SELL
1749322485000000000,AAPL,XNAS,1.0022531747817993,100,93.0,SELL
1749322494000000000,AAPL,XNAS,1.0024458169937134,100,1.0,BUY
1749322539000000000,AAPL,XNAS,1.0025862455368042,100,100.0,BUY
1749322551000000000,AAPL,XNAS,1.0029301643371582,100,2.0,SELL
1749322587000000000,AAPL,XNAS,1.0025427341461182,100,20.0,BUY
1749322589000000000,AAPL,XNAS,1.0020781755447388,100,200.0,SELL
1749322607000000000,AAPL,XNAS,1.001719355583191,100,1.0,SELL
1749322643000000000,AAPL,XNAS,1.0017677545547485,100,142.0,SELL
1749322649000000000,AAPL,XNAS,1.0017677545547485,100,60.0,SELL
1749322675000000000,AAPL,XNAS,1.0014771223068237,100,2.0,SELL
1749322681000000000,AAPL,XNAS,1.0020583868026733,100,100.0,SELL
1749322682000000000,AAPL,XNAS,1.002494215965271,100,100.0,SELL
1749322685000000000,AAPL,XNAS,1.0028332471847534,100,90.0,SELL
1749322693000000000,AAPL,XNAS,1.0033799409866333,100,202.0,SELL
1749322700000000000,AAPL,XNAS,1.0027364492416382,100,100.0,SELL
1749322729000000000,AAPL,XNAS,1.0023488998413086,100,90.0,SELL
1749322738000000000,AAPL,XNAS,1.0019009113311768,100,4.0,SELL
1749322739000000000,AAPL,XNAS,1.001719355583191,100,1.0,SELL
1749322758000000000,AAPL,XNAS,1.0025911331176758,100,90.0,SELL
1749322808000000000,AAPL,XNAS,1.0031228065490723,100,19.0,SELL
1749322826000000000,AAPL,XNAS,1.0029633045196533,100,101.0,BUY
1749322827000000000,AAPL,XNAS,1.0023037195205688,100,69.0,SELL
1749322828000000000,AAPL,XNAS,1.0022398233413696,100,100.0,SELL
1749322838000000000,AAPL,XNAS,1.0032910108566284,100,100.0,SELL
1749322861000000000,AAPL,XNAS,1.002960443496704,100,124.0,SELL
1749322888000000000,AAPL,XNAS,1.0029149055480957,100,1.0,SELL
1749322905000000000,AAPL,XNAS,1.0025277137756348,100,68.0,SELL
1749322938000000000,AAPL,XNAS,1.0022470951080322,100,480.0,BUY
1749322940000000000,AAPL,XNAS,1.0019276142120361,100,1.0,SELL
1749322961000000000,AAPL,XNAS,1.0023581981658936,100,125.0,SELL
1749322975000000000,AAPL,XNAS,1.0019745826721191,100,2.0,SELL
1749322991000000000,AAPL,XNAS,1.0028208494186401,100,100.0,BUY
1749323047000000000,AAPL,XNAS,1.0027738809585571,100,121.0,SELL
1749323052000000000,AAPL,XNAS,1.0031951665878296,100,212.0,SELL
1749323063000000000,AAPL,XNAS,1.0024597644805908,100,220.0,SELL
1749323066000000000,AAPL,XNAS,1.0023506879806519,100,10.0,SELL
1749323067000000000,AAPL,XNAS,1.0023767948150635,100,180.0,SELL
1749323070000000000,AAPL,XNAS,1.0022096633911133,100,20.0,SELL
1749323071000000000,AAPL,XNAS,1.0022062063217163,100,109.0,SELL
1749323073000000000,AAPL,XNAS,1.0020028352737427,100,10.0,SELL
1749323074000000000,AAPL,XNAS,1.0019276142120361,100,10.0,SELL
1749323077000000000,AAPL,XNAS,1.0019276142120361,100,85.0,UNKNOWN
1749323102000000000,AAPL,XNAS,1.0020216703414917,100,1.0,SELL
1749323133000000000,AAPL,XNAS,1.0018335580825806,100,1.0,SELL
1749323147000000000,AAPL,XNAS,1.0014210939407349,100,106.0,SELL
1749323162000000000,AAPL,XNAS,1.0018481016159058,100,145.0,SELL
1749323172000000000,AAPL,XNAS,1.0014104843139648,100,2.0,SELL
1749323177000000000,AAPL,XNAS,1.0019745826721191,100,170.0,SELL
1749323205000000000,AAPL,XNAS,1.0018340349197388,100,103.0,BUY
1749323214000000000,AAPL,XNAS,1.0013164281845093,100,2.0,SELL
1749323217000000000,AAPL,XNAS,1.0010343790054321,100,1.0,SELL
1749323224000000000,AAPL,XNAS,1.0012693405151367,100,1.0,SELL
1749323248000000000,AAPL,XNAS,1.0010343790054321,100,1.0,SELL
1749323249000000000,AAPL,XNAS,1.0007522106170654,100,101.0,SELL
1749323283000000000,AAPL,XNAS,1.0007052421569824,100,1.0,SELL
1749323299000000000,AAPL,XNAS,1.0003408193588257,100,32.0,BUY
1749323307000000000,AAPL,XNAS,1.0001881122589111,100,60.0,SELL
1749323321000000000,AAPL,XNAS,1.0006656646728516,100,126.0,BUY
1749323326000000000,AAPL,XNAS,1.0013633966445923,100,1.0,SELL
1749323354000000000,AAPL,XNAS,1.0004230737686157,100,10.0,SELL
1749323362000000000,AAPL,XNAS,1.0002820491790771,100,101.0,SELL
1749323368000000000,AAPL,XNAS,0.9996271133422852,100,102.0,SELL
1749323406000000000,AAPL,XNAS,0.9997643232345581,100,302.0,BUY
1749323407000000000,AAPL,XNAS,0.9999528527259827,100,177.0,BUY
1749323410000000000,AAPL,XNAS,0.9994815587997437,100,20.0,SELL
1749323412000000000,AAPL,XNAS,0.9993401765823364,100,11.0,SELL
1749323418000000000,AAPL,XNAS,0.9991832375526428,100,300.0,SELL
1749323422000000000,AAPL,XNAS,0.9989160299301147,100,99.0,SELL
1749323442000000000,AAPL,XNAS,0.9989160299301147,100,1.0,SELL
1749323472000000000,AAPL,XNAS,0.9992576837539673,100,8.0,SELL
1749323475000000000,AAPL,XNAS,0.9991516470909119,100,9.0,SELL
1749323485000000000,AAPL,XNAS,0.9991045594215393,100,60.0,SELL
1749323510000000000,AAPL,XNAS,0.9989146590232849,100,928.0,SELL
1749323517000000000,AAPL,XNAS,0.9990102648735046,100,3.0,SELL
1749323524000000000,AAPL,XNAS,0.999342143535614,100,507.0,BUY
1749323528000000000,AAPL,XNAS,0.999504029750824,100,109.0,SELL
1749323548000000000,AAPL,XNAS,0.999848484992981,100,28.0,BUY
1749323563000000000,AAPL,XNAS,0.9998719692230225,100,120.0,SELL
1749323578000000000,AAPL,XNAS,1.0003770589828491,100,305.0,SELL
1749323594000000000,AAPL,XNAS,1.000942587852478,100,1.0,BUY
1749323601000000000,AAPL,XNAS,1.0012253522872925,100,100.0,SELL
1749323602000000000,AAPL,XNAS,1.001549243927002,100,156.0,BUY
1749323603000000000,AAPL,XNAS,1.001508116722107,100,3.0,BUY
1749323618000000000,AAPL,XNAS,1.0016967058181763,100,6.0,SELL
1749323624000000000,AAPL,XNAS,1.0022622346878052,100,4.0,BUY
1749323625000000000,AAPL,XNAS,1.0022622346878052,100,102.0,SELL
1749323626000000000,AAPL,XNAS,1.0020737648010254,100,20.0,SELL
1749323636000000000,AAPL,XNAS,1.0025449991226196,100,100.0,BUY
1749323640000000000,AAPL,XNAS,1.0027806758880615,100,1.0,BUY
1749323647000000000,AAPL,XNAS,1.0030163526535034,100,4.0,SELL
1749323653000000000,AAPL,XNAS,1.003063440322876,100,3.0,BUY
1749323660000000000,AAPL,XNAS,1.0026754140853882,100,171.0,BUY
1749323662000000000,AAPL,XNAS,1.002827763557434,100,11.0,BUY
1749323663000000000,AAPL,XNAS,1.002827763557434,100,19.0,BUY
1749323683000000000,AAPL,XNAS,1.0030163526535034,100,35.0,BUY
1749323693000000000,AAPL,XNAS,1.002827763557434,100,38.0,SELL
1749323695000000000,AAPL,XNAS,1.0032048225402832,100,1.0,BUY
1749323698000000000,AAPL,XNAS,1.0028623342514038,100,75.0,BUY
1749323712000000000,AAPL,XNAS,1.0026392936706543,100,208.0,BUY
1749323713000000000,AAPL,XNAS,1.002497911453247,100,2.0,SELL
1749323726000000000,AAPL,XNAS,1.0028749704360962,100,2.0,BUY
1749323745000000000,AAPL,XNAS,1.0031577348709106,100,8.0,BUY
1749323772000000000,AAPL,XNAS,1.0031577348709106,100,2.0,SELL
1749323777000000000,AAPL,XNAS,1.0031577348709106,100,3.0,UNKNOWN
1749323793000000000,AAPL,XNAS,1.0034620761871338,100,107.0,SELL
1749323803000000000,AAPL,XNAS,1.003530502319336,100,220.0,SELL
1749323815000000000,AAPL,XNAS,1.0038175582885742,100,109.0,BUY
1749323833000000000,AAPL,XNAS,1.0037232637405396,100,4.0,BUY
1749323834000000000,AAPL,XNAS,1.0038646459579468,100,2.0,BUY
1749323873000000000,AAPL,XNAS,1.004006028175354,100,42.0,BUY
1749323877000000000,AAPL,XNAS,1.0040069818496704,100,307.0,SELL
1749323889000000000,AAPL,XNAS,1.0041003227233887,100,200.0,BUY
1749323890000000000,AAPL,XNAS,1.0041003227233887,100,2.0,BUY
1749323892000000000,AAPL,XNAS,1.004241704940796,100,6.0,BUY
1749323893000000000,AAPL,XNAS,1.0041474103927612,100,4.0,BUY
1749323894000000000,AAPL,XNAS,1.0039045810699463,100,130.0,SELL
1749323898000000000,AAPL,XNAS,1.0041943788528442,100,229.0,BUY
1749323899000000000,AAPL,XNAS,1.004241704940796,100,12.0,SELL
1749323906000000000,AAPL,XNAS,1.0041944980621338,100,3.0,SELL
1749323907000000000,AAPL,XNAS,1.0041474103927612,100,19.0,BUY
1749323910000000000,AAPL,XNAS,1.0038872957229614,100,77.0,SELL
1749323914000000000,AAPL,XNAS,1.0041003227233887,100,55.0,BUY
1749323945000000000,AAPL,XNAS,1.0041944980621338,100,72.0,BUY
1749323947000000000,AAPL,XNAS,1.0039117336273193,100,8.0,SELL
1749323952000000000,AAPL,XNAS,1.0038642883300781,100,350.0,SELL
1749323960000000000,AAPL,XNAS,1.0039117336273193,100,110.0,BUY
1749323981000000000,AAPL,XNAS,1.004006028175354,100,39.0,BUY
1749324078000000000,AAPL,XNAS,0.9997031688690186,100,106.0,BUY
1749324081000000000,AAPL,XNAS,0.9997572302818298,100,2.0,SELL
1749324084000000000,AAPL,XNAS,0.999529242515564,100,46.0,BUY
1749324136000000000,AAPL,XNAS,0.9991745948791504,100,201.0,SELL
1749324145000000000,AAPL,XNAS,0.9991745948791504,100,50.0,SELL
1749324180000000000,AAPL,XNAS,0.9991745948791504,100,49.0,SELL
1749324181000000000,AAPL,XNAS,0.9991260170936584,100,2.0,BUY
1749324198000000000,AAPL,XNAS,0.99936842918396,100,546.0,SELL
1749324200000000000,AAPL,XNAS,0.9994659423828125,100,200.0,BUY
1749324243000000000,AAPL,XNAS,0.9993202686309814,100,105.0,SELL
1749324268000000000,AAPL,XNAS,0.9997089505195618,100,197.0,SELL
1749324300000000000,AAPL,XNAS,0.9995630383491516,100,2.0,SELL
1749324371000000000,AAPL,XNAS,0.9995518922805786,100,148.0,SELL
1749324397000000000,AAPL,XNAS,0.9995123744010925,100,70.0,SELL
1749324414000000000,AAPL,XNAS,0.9994659423828125,100,90.0,SELL
1749324440000000000,AAPL,XNAS,0.9997565150260925,100,137.0,BUY
1749324497000000000,AAPL,XNAS,0.9999029040336609,100,1.0,SELL
1749324531000000000,AAPL,XNAS,1.0000971555709839,100,100.0,BUY
1749324535000000000,AAPL,XNAS,1.0002093315124512,100,290.0,BUY
1749324544000000000,AAPL,XNAS,1.0002427101135254,100,2.0,SELL
1749324551000000000,AAPL,XNAS,1.0004132986068726,100,195.0,BUY
1749324560000000000,AAPL,XNAS,1.0000485181808472,100,90.0,SELL
1749324567000000000,AAPL,XNAS,1.000291347503662,100,2.0,UNKNOWN
1749324584000000000,AAPL,XNAS,0.99993497133255,100,301.0,SELL
1749324641000000000,AAPL,XNAS,0.9995272755622864,100,1.0,UNKNOWN
1749324704000000000,AAPL,XNAS,0.9993854761123657,100,1.0,SELL
1749324726000000000,AAPL,XNAS,0.999290943145752,100,1.0,BUY
1749324729000000000,AAPL,XNAS,0.999290943145752,100,1.0,BUY
1749324739000000000,AAPL,XNAS,0.9991963505744934,100,1.0,SELL
1749324740000000000,AAPL,XNAS,0.9991963505744934,100,1.0,SELL
1749324741000000000,AAPL,XNAS,0.999290943145752,100,1.0,BUY
1749324743000000000,AAPL,XNAS,0.9991018176078796,100,10.0,SELL
1749324756000000000,AAPL,XNAS,0.9991205334663391,100,334.0,BUY
1749324757000000000,AAPL,XNAS,0.9992316365242004,100,134.0,BUY
1749324766000000000,AAPL,XNAS,0.9990072846412659,100,46.0,BUY
1749324823000000000,AAPL,XNAS,0.9992409944534302,100,320.0,BUY
1749324827000000000,AAPL,XNAS,0.9994181394577026,100,162.0,SELL
1749324897000000000,AAPL,XNAS,0.9994327425956726,100,1.0,BUY
1749324932000000000,AAPL,XNAS,0.9996259808540344,100,91.0,SELL
1749324967000000000,AAPL,XNAS,0.9995272755622864,100,26.0,BUY
1749325025000000000,AAPL,XNAS,0.9997163414955139,100,1.0,SELL
1749325029000000000,AAPL,XNAS,0.9999140501022339,100,11.0,BUY
1749325067000000000,AAPL,XNAS,0.9995272755622864,100,1.0,SELL
1749325072000000000,AAPL,XNAS,0.9999435544013977,100,391.0,SELL
1749325075000000000,AAPL,XNAS,1.0001890659332275,100,40.0,SELL
1749325082000000000,AAPL,XNAS,1.0000780820846558,100,109.0,BUY
1749325090000000000,AAPL,XNAS,1.0002363920211792,100,1.0,BUY
1749325155000000000,AAPL,XNAS,1.0000945329666138,100,1.0,SELL
1749325159000000000,AAPL,XNAS,1.000002384185791,100,183.0,SELL
1749325216000000000,AAPL,XNAS,0.9981142282485962,100,1.0,BUY
1749325220000000000,AAPL,XNAS,0.9979691505432129,100,1.0,SELL
1749325254000000000,AAPL,XNAS,0.9977461695671082,100,116.0,SELL
1749325257000000000,AAPL,XNAS,0.9979208111763,100,100.0,SELL
1749325259000000000,AAPL,XNAS,0.9976918697357178,100,377.0,BUY
1749325271000000000,AAPL,XNAS,0.9971954822540283,100,40.0,SELL
1749325285000000000,AAPL,XNAS,0.9969053864479065,100,20.0,BUY
1749325287000000000,AAPL,XNAS,0.9961800575256348,100,75.0,SELL
1749325329000000000,AAPL,XNAS,0.996566891670227,100,100.0,BUY
1749325330000000000,AAPL,XNAS,0.996566891670227,100,5.0,SELL
1749325332000000000,AAPL,XNAS,0.9968570470809937,100,90.0,BUY
1749325335000000000,AAPL,XNAS,0.9969044327735901,100,212.0,BUY
1749325338000000000,AAPL,XNAS,0.9969053864479065,100,1.0,BUY
1749325353000000000,AAPL,XNAS,0.9964218139648438,100,1.0,SELL
1749325396000000000,AAPL,XNAS,0.996808648109436,100,1.0,SELL
1749325432000000000,AAPL,XNAS,0.9964286088943481,100,100.0,SELL
1749325440000000000,AAPL,XNAS,0.9963251352310181,100,25.0,SELL
1749325456000000000,AAPL,XNAS,0.9967603087425232,100,1.0,BUY
1749325490000000000,AAPL,XNAS,0.9963251352310181,100,194.0,BUY
1749325504000000000,AAPL,XNAS,0.9957961440086365,100,100.0,SELL
1749325515000000000,AAPL,XNAS,0.995760977268219,100,3.0,SELL
1749325558000000000,AAPL,XNAS,0.9955514669418335,100,1.0,SELL
1749325576000000000,AAPL,XNAS,0.9954547882080078,100,1.0,SELL
1749325581000000000,AAPL,XNAS,0.9954547882080078,100,1.0,SELL
1749325594000000000,AAPL,XNAS,0.994840681552887,99,20.0,SELL
1749325595000000000,AAPL,XNAS,0.9946327805519104,99,1.0,SELL
1749325636000000000,AAPL,XNAS,0.9945843815803528,99,1.0,SELL
1749325637000000000,AAPL,XNAS,0.9945843815803528,99,1.0,SELL
1749325640000000000,AAPL,XNAS,0.9950679540634155,100,294.0,SELL
1749325664000000000,AAPL,XNAS,0.9951162934303284,100,1.0,UNKNOWN
1749325695000000000,AAPL,XNAS,0.9948226809501648,99,181.0,BUY
1749325696000000000,AAPL,XNAS,0.994052529335022,99,1.0,SELL
1749325754000000000,AAPL,XNAS,0.9940041303634644,99,90.0,SELL
1749325756000000000,AAPL,XNAS,0.9941492080688477,99,1.0,SELL
1749325782000000000,AAPL,XNAS,0.994052529335022,99,80.0,SELL
1749325870000000000,AAPL,XNAS,0.9983241558074951,100,9.0,BUY
1749325875000000000,AAPL,XNAS,0.9987072348594666,100,20.0,BUY
1749325890000000000,AAPL,XNAS,0.9993224143981934,100,410.0,SELL
1749325914000000000,AAPL,XNAS,0.9998563528060913,100,1.0,BUY
1749325916000000000,AAPL,XNAS,0.999904215335846,100,1.0,BUY
1749326154000000000,AAPL,XNAS,0.9992817640304565,100,5.0,BUY
1749326168000000000,AAPL,XNAS,0.9999467730522156,100,9.0,BUY
1749326356000000000,AAPL,XNAS,0.9989944696426392,100,2.0,SELL
1749326373000000000,AAPL,XNAS,0.9991860389709473,100,3.0,BUY
1749326383000000000,AAPL,XNAS,0.9992339015007019,100,68.0,UNKNOWN
1749326397000000000,AAPL,XNAS,0.9995690584182739,100,176.0,BUY
1749326432000000000,AAPL,XNAS,1.0001167058944702,100,331.0,BUY
1749326452000000000,AAPL,XNAS,0.998916506767273,100,265.0,BUY
1749326459000000000,AAPL,XNAS,0.9987155795097351,100,101.0,SELL
1749326464000000000,AAPL,XNAS,0.9987155795097351,100,1.0,BUY
1749326501000000000,AAPL,XNAS,1.0001848936080933,100,557.0,SELL
1749326531000000000,AAPL,XNAS,1.0003036260604858,100,397.0,SELL
1749326568000000000,AAPL,XNAS,1.0013389587402344,100,120.0,SELL
1749326577000000000,AAPL,XNAS,1.0010042190551758,100,100.0,BUY
1749326579000000000,AAPL,XNAS,1.000256896018982,100,100.0,SELL
1749326586000000000,AAPL,XNAS,1.0001875162124634,100,425.0,BUY
1749326588000000000,AAPL,XNAS,0.9993538856506348,100,300.0,BUY
1749326781000000000,AAPL,XNAS,1.0004851818084717,100,9.0,BUY
1749326794000000000,AAPL,XNAS,0.9979158639907837,100,947.0,BUY
1749326956000000000,AAPL,XNAS,0.9943718910217285,99,17.0,SELL
1749326963000000000,AAPL,XNAS,0.9949790835380554,99,6.0,BUY
1749326964000000000,AAPL,XNAS,0.9947782158851624,99,415.0,BUY
1749326973000000000,AAPL,XNAS,0.9942700862884521,99,611.0,SELL
1749327000000000000,AAPL,XNAS,0.9999754428863525,100,1.0,SELL
1749327116000000000,AAPL,XNAS,1.0001024007797241,100,41.0,BUY
1749327155000000000,AAPL,XNAS,1.0000245571136475,100,1.0,SELL
1749327205000000000,AAPL,XNAS,0.9999263286590576,100,1.0,SELL
1749327206000000000,AAPL,XNAS,1.0000245571136475,100,77.0,BUY
1749327225000000000,AAPL,XNAS,1.0000245571136475,100,1.0,BUY
1749327248000000000,AAPL,XNAS,1.0002127885818481,100,18.0,BUY
1749327266000000000,AAPL,XNAS,1.00029456615448,100,6.0,BUY
1749327267000000000,AAPL,XNAS,1.0004419088363647,100,2.0,BUY
1749327278000000000,AAPL,XNAS,1.000399112701416,100,362.0,BUY
1749327298000000000,AAPL,XNAS,1.0003682374954224,100,1.0,SELL
1749327321000000000,AAPL,XNAS,1.0004664659500122,100,12.0,BUY
1749327330000000000,AAPL,XNAS,1.0005155801773071,100,10.0,BUY
1749327343000000000,AAPL,XNAS,1.0006136894226074,100,16.0,SELL
1749327360000000000,AAPL,XNAS,1.0007339715957642,100,269.0,SELL
1749327361000000000,AAPL,XNAS,1.000859260559082,100,1.0,BUY
1749327371000000000,AAPL,XNAS,1.000859260559082,100,72.0,BUY
1749327430000000000,AAPL,XNAS,1.0007610321044922,100,1.0,BUY
1749327442000000000,AAPL,XNAS,1.0005683898925781,100,951.0,BUY
1749327506000000000,AAPL,XNAS,1.000501036643982,100,34.0,SELL
1749327567000000000,AAPL,XNAS,1.0006628036499023,100,1.0,SELL
1749327572000000000,AAPL,XNAS,1.0006628036499023,100,1.0,SELL
1749327744000000000,AAPL,XNAS,1.0022472143173218,100,10.0,BUY
1749327749000000000,AAPL,XNAS,1.0029643774032593,100,1.0,BUY
1749327751000000000,AAPL,XNAS,1.0030829906463623,100,27.0,BUY
1749327796000000000,AAPL,XNAS,1.0028795003890991,100,597.0,BUY
1749327797000000000,AAPL,XNAS,1.002534031867981,100,51.0,BUY
1749327798000000000,AAPL,XNAS,1.0037293434143066,100,8.0,BUY
1749327802000000000,AAPL,XNAS,1.003059983253479,100,7.0,SELL
1749327803000000000,AAPL,XNAS,1.003059983253479,100,45.0,BUY
1749327886000000000,AAPL,XNAS,1.0017989873886108,100,351.0,BUY
1749327890000000000,AAPL,XNAS,1.0019124746322632,100,6.0,SELL
1749327921000000000,AAPL,XNAS,1.0014822483062744,100,3.0,BUY
1749327926000000000,AAPL,XNAS,1.000525951385498,100,22.0,BUY
1749327980000000000,AAPL,XNAS,1.0001195669174194,100,6.0,BUY
1749327992000000000,AAPL,XNAS,1.0006062984466553,100,160.0,BUY
1749327999000000000,AAPL,XNAS,1.0010015964508057,100,97.0,BUY
1749328000000000000,AAPL,XNAS,1.0010040998458862,100,1.0,BUY
1749328001000000000,AAPL,XNAS,1.001051902770996,100,20.0,SELL
1749328006000000000,AAPL,XNAS,1.000654697418213,100,147.0,SELL
1749328080000000000,AAPL,XNAS,0.9995697140693665,100,6.0,SELL
1749328137000000000,AAPL,XNAS,1.0004781484603882,100,21.0,SELL
1749328175000000000,AAPL,XNAS,0.9995918869972229,100,198.0,BUY
1749328197000000000,AAPL,XNAS,0.9994717836380005,100,21.0,BUY
