ts_ns,symbol,venue,level,side,price,price_ticks,size,num_orders
1748959200000000000,AAPL,XNAS,1,1,0.9996920228004456,100,20.0,1
1748959200000000000,AAPL,XNAS,1,-1,1.0002052783966064,100,2.0,1
1748959200000000000,AAPL,XNAS,2,1,0.999640703201294,100,1.0,1
1748959200000000000,AAPL,XNAS,2,-1,1.000359296798706,100,100.0,1
1748959214000000000,AAPL,XNAS,1,1,0.9999486804008484,100,1.0,1
1748959214000000000,AAPL,XNAS,1,-1,1.0002052783966064,100,2.0,1
1748959214000000000,AAPL,XNAS,2,1,0.9996920228004456,100,20.0,1
1748959214000000000,AAPL,XNAS,2,-1,1.000359296798706,100,100.0,1
1748959232000000000,AAPL,XNAS,1,1,0.9999486804008484,100,2.0,1
1748959232000000000,AAPL,XNAS,1,-1,1.0002052783966064,100,2.0,1
1748959232000000000,AAPL,XNAS,2,1,0.9996920228004456,100,20.0,1
1748959232000000000,AAPL,XNAS,2,-1,1.000359296798706,100,100.0,1
1748959234000000000,AAPL,XNAS,1,1,0.9999486804008484,100,2.0,1
1748959234000000000,AAPL,XNAS,1,-1,1.0002052783966064,100,46.0,1
1748959234000000000,AAPL,XNAS,2,1,0.9996920228004456,100,20.0,1
1748959234000000000,AAPL,XNAS,2,-1,1.000359296798706,100,100.0,1
1748959242000000000,AAPL,XNAS,1,1,0.9999486804008484,100,2.0,1
1748959242000000000,AAPL,XNAS,1,-1,1.0002052783966064,100,46.0,1
1748959242000000000,AAPL,XNAS,2,1,0.9996920228004456,100,20.0,1
1748959242000000000,AAPL,XNAS,2,-1,1.000359296798706,100,100.0,1
1748959250000000000,AAPL,XNAS,1,1,0.9999486804008484,100,2.0,1
1748959250000000000,AAPL,XNAS,1,-1,1.0002052783966064,100,46.0,1
1748959250000000000,AAPL,XNAS,2,1,0.9996920228004456,100,20.0,1
1748959250000000000,AAPL,XNAS,2,-1,1.000359296798706,100,101.0,1
1748959267000000000,AAPL,XNAS,1,1,0.9999486804008484,100,2.0,1
1748959267000000000,AAPL,XNAS,1,-1,1.0002052783966064,100,47.0,1
1748959267000000000,AAPL,XNAS,2,1,0.9996920228004456,100,20.0,1
1748959267000000000,AAPL,XNAS,2,-1,1.000359296798706,100,101.0,1
1748959270000000000,AAPL,XNAS,1,1,0.9996920228004456,100,20.0,1
1748959270000000000,AAPL,XNAS,1,-1,1.0002052783966064,100,48.0,1
1748959270000000000,AAPL,XNAS,2,1,0.999640703201294,100,201.0,1
1748959270000000000,AAPL,XNAS,2,-1,1.000359296798706,100,150.0,1
1748959271000000000,AAPL,XNAS,1,1,0.9996920228004456,100,20.0,1
1748959271000000000,AAPL,XNAS,1,-1,1.0002052783966064,100,48.0,1
1748959271000000000,AAPL,XNAS,2,1,0.999640703201294,100,201.0,1
1748959271000000000,AAPL,XNAS,2,-1,1.000359296798706,100,250.0,2
1748959272000000000,AAPL,XNAS,1,1,0.9996920228004456,100,20.0,1
1748959272000000000,AAPL,XNAS,1,-1,1.0002052783966064,100,48.0,1
1748959272000000000,AAPL,XNAS,2,1,0.999640703201294,100,201.0,1
1748959272000000000,AAPL,XNAS,2,-1,1.000359296798706,100,250.0,2
1748959274000000000,AAPL,XNAS,1,1,0.9996920228004456,100,20.0,1
1748959274000000000,AAPL,XNAS,1,-1,1.0002052783966064,100,48.0,1
1748959274000000000,AAPL,XNAS,2,1,0.999640703201294,100,201.0,1
1748959274000000000,AAPL,XNAS,2,-1,1.000359296798706,100,150.0,1
1748959275000000000,AAPL,XNAS,1,1,0.9996920228004456,100,20.0,1
1748959275000000000,AAPL,XNAS,1,-1,1.0002052783966064,100,200.0,1
1748959275000000000,AAPL,XNAS,2,1,0.999640703201294,100,201.0,1
1748959275000000000,AAPL,XNAS,2,-1,1.0003079175949097,100,26.0,1
1748959276000000000,AAPL,XNAS,1,1,0.9996920228004456,100,20.0,1
1748959276000000000,AAPL,XNAS,1,-1,1.0002052783966064,100,200.0,1
1748959276000000000,AAPL,XNAS,2,1,0.999640703201294,100,301.0,2
1748959276000000000,AAPL,XNAS,2,-1,1.0003079175949097,100,26.0,1
1748959277000000000,AAPL,XNAS,1,1,0.9996920228004456,100,20.0,1
1748959277000000000,AAPL,XNAS,1,-1,1.0002052783966064,100,300.0,2
1748959277000000000,AAPL,XNAS,2,1,0.999640703201294,100,301.0,2
1748959277000000000,AAPL,XNAS,2,-1,1.0003079175949097,100,26.0,1
1748959278000000000,AAPL,XNAS,1,1,0.9996920228004456,100,20.0,1
1748959278000000000,AAPL,XNAS,1,-1,1.0002052783966064,100,300.0,2
1748959278000000000,AAPL,XNAS,2,1,0.999640703201294,100,401.0,3
1748959278000000000,AAPL,XNAS,2,-1,1.0003079175949097,100,26.0,1
1748959281000000000,AAPL,XNAS,1,1,0.9996920228004456,100,20.0,1
1748959281000000000,AAPL,XNAS,1,-1,1.0002052783966064,100,300.0,2
1748959281000000000,AAPL,XNAS,2,1,0.999640703201294,100,501.0,4
1748959281000000000,AAPL,XNAS,2,-1,1.0003079175949097,100,26.0,1
1748959285000000000,AAPL,XNAS,1,1,0.9996920228004456,100,20.0,1
1748959285000000000,AAPL,XNAS,1,-1,1.0002052783966064,100,300.0,2
1748959285000000000,AAPL,XNAS,2,1,0.999640703201294,100,501.0,4
1748959285000000000,AAPL,XNAS,2,-1,1.000359296798706,100,100.0,1
1748959290000000000,AAPL,XNAS,1,1,0.9996920228004456,100,20.0,1
1748959290000000000,AAPL,XNAS,1,-1,1.0002052783966064,100,301.0,2
1748959290000000000,AAPL,XNAS,2,1,0.999640703201294,100,501.0,4
1748959290000000000,AAPL,XNAS,2,-1,1.000359296798706,100,100.0,1
1748959293000000000,AAPL,XNAS,1,1,0.9998973608016968,100,1.0,1
1748959293000000000,AAPL,XNAS,1,-1,1.0002052783966064,100,201.0,1
1748959293000000000,AAPL,XNAS,2,1,0.9996920228004456,100,20.0,1
1748959293000000000,AAPL,XNAS,2,-1,1.000359296798706,100,100.0,1
1748959294000000000,AAPL,XNAS,1,1,0.9998973608016968,100,1.0,1
1748959294000000000,AAPL,XNAS,1,-1,1.0002052783966064,100,157.0,1
1748959294000000000,AAPL,XNAS,2,1,0.9996920228004456,100,20.0,1
1748959294000000000,AAPL,XNAS,2,-1,1.000359296798706,100,100.0,1
1748959301000000000,AAPL,XNAS,1,1,0.9998973608016968,100,1.0,1
1748959301000000000,AAPL,XNAS,1,-1,1.0002052783966064,100,157.0,1
1748959301000000000,AAPL,XNAS,2,1,0.9996920228004456,100,20.0,1
1748959301000000000,AAPL,XNAS,2,-1,1.0002566576004028,100,20.0,1
1748959303000000000,AAPL,XNAS,1,1,0.9998973608016968,100,1.0,1
1748959303000000000,AAPL,XNAS,1,-1,1.0002052783966064,100,155.0,1
1748959303000000000,AAPL,XNAS,2,1,0.9996920228004456,100,20.0,1
1748959303000000000,AAPL,XNAS,2,-1,1.0002566576004028,100,20.0,1
1748959314000000000,AAPL,XNAS,1,1,0.9998973608016968,100,1.0,1
1748959314000000000,AAPL,XNAS,1,-1,1.0002052783966064,100,4.0,1
1748959314000000000,AAPL,XNAS,2,1,0.9996920228004456,100,20.0,1
1748959314000000000,AAPL,XNAS,2,-1,1.0002566576004028,100,170.0,1
1748959321000000000,AAPL,XNAS,1,1,0.9998973608016968,100,1.0,1
1748959321000000000,AAPL,XNAS,1,-1,1.0002052783966064,100,4.0,1
1748959321000000000,AAPL,XNAS,2,1,0.999640703201294,100,501.0,4
1748959321000000000,AAPL,XNAS,2,-1,1.0002566576004028,100,170.0,1
1748959323000000000,AAPL,XNAS,1,1,1.0000513792037964,100,8.0,1
1748959323000000000,AAPL,XNAS,1,-1,1.0002052783966064,100,4.0,1
1748959323000000000,AAPL,XNAS,2,1,0.9998973608016968,100,1.0,1
1748959323000000000,AAPL,XNAS,2,-1,1.0002566576004028,100,170.0,1
1748959324000000000,AAPL,XNAS,1,1,1.0000513792037964,100,8.0,1
1748959324000000000,AAPL,XNAS,1,-1,1.0002566576004028,100,170.0,1
1748959324000000000,AAPL,XNAS,2,1,0.9998973608016968,100,1.0,1
1748959324000000000,AAPL,XNAS,2,-1,1.000359296798706,100,100.0,1
1748959325000000000,AAPL,XNAS,1,1,1.0004106760025024,100,200.0,1
1748959325000000000,AAPL,XNAS,1,-1,1.0007699728012085,100,100.0,1
1748959325000000000,AAPL,XNAS,2,1,1.0001026391983032,100,200.0,1
1748959325000000000,AAPL,XNAS,2,-1,1.000975251197815,100,27.0,1
1748959326000000000,AAPL,XNAS,1,1,1.0005645751953125,100,1.0,1
1748959326000000000,AAPL,XNAS,1,-1,1.0011805295944214,100,242.0,2
1748959326000000000,AAPL,XNAS,2,1,1.0004106760025024,100,200.0,1
1748959326000000000,AAPL,XNAS,2,-1,1.0012319087982178,100,300.0,2
1748959327000000000,AAPL,XNAS,1,1,1.0005645751953125,100,1.0,1
1748959327000000000,AAPL,XNAS,1,-1,1.0011805295944214,100,142.0,1
1748959327000000000,AAPL,XNAS,2,1,1.0004106760025024,100,400.0,3
1748959327000000000,AAPL,XNAS,2,-1,1.0012319087982178,100,300.0,2
1748959328000000000,AAPL,XNAS,1,1,1.0005645751953125,100,1.0,1
1748959328000000000,AAPL,XNAS,1,-1,1.0011805295944214,100,142.0,1
1748959328000000000,AAPL,XNAS,2,1,1.0004106760025024,100,300.0,2
1748959328000000000,AAPL,XNAS,2,-1,1.0012319087982178,100,300.0,2
1748959329000000000,AAPL,XNAS,1,1,1.0005645751953125,100,1.0,1
1748959329000000000,AAPL,XNAS,1,-1,1.0011805295944214,100,242.0,2
1748959329000000000,AAPL,XNAS,2,1,1.0004106760025024,100,300.0,2
1748959329000000000,AAPL,XNAS,2,-1,1.0012319087982178,100,300.0,2
1748959330000000000,AAPL,XNAS,1,1,1.0005645751953125,100,1.0,1
1748959330000000000,AAPL,XNAS,1,-1,1.0011805295944214,100,242.0,2
1748959330000000000,AAPL,XNAS,2,1,1.0004106760025024,100,500.0,4
1748959330000000000,AAPL,XNAS,2,-1,1.0012319087982178,100,300.0,2
1748959333000000000,AAPL,XNAS,1,1,1.0005645751953125,100,1.0,1
1748959333000000000,AAPL,XNAS,1,-1,1.0009238719940186,100,2.0,1
1748959333000000000,AAPL,XNAS,2,1,1.0004106760025024,100,400.0,3
1748959333000000000,AAPL,XNAS,2,-1,1.0011805295944214,100,344.0,2
1748959351000000000,AAPL,XNAS,1,1,1.0004106760025024,100,400.0,3
1748959351000000000,AAPL,XNAS,1,-1,1.0009238719940186,100,2.0,1
1748959351000000000,AAPL,XNAS,2,1,1.0002566576004028,100,200.0,1
1748959351000000000,AAPL,XNAS,2,-1,1.0011805295944214,100,344.0,2
1748959352000000000,AAPL,XNAS,1,1,1.0004106760025024,100,400.0,3
1748959352000000000,AAPL,XNAS,1,-1,1.0009238719940186,100,3.0,1
1748959352000000000,AAPL,XNAS,2,1,1.0001026391983032,100,400.0,3
1748959352000000000,AAPL,XNAS,2,-1,1.0011805295944214,100,344.0,2
1748959355000000000,AAPL,XNAS,1,1,1.0004106760025024,100,400.0,3
1748959355000000000,AAPL,XNAS,1,-1,1.0011805295944214,100,2.0,1
1748959355000000000,AAPL,XNAS,2,1,1.0001026391983032,100,300.0,2
1748959355000000000,AAPL,XNAS,2,-1,1.0012319087982178,100,339.0,2
1748959358000000000,AAPL,XNAS,1,1,1.0004106760025024,100,400.0,3
1748959358000000000,AAPL,XNAS,1,-1,1.0011805295944214,100,6.0,1
1748959358000000000,AAPL,XNAS,2,1,1.0001026391983032,100,300.0,2
1748959358000000000,AAPL,XNAS,2,-1,1.0012319087982178,100,339.0,2
1748959364000000000,AAPL,XNAS,1,1,1.0004106760025024,100,400.0,3
1748959364000000000,AAPL,XNAS,1,-1,1.0011805295944214,100,6.0,1
1748959364000000000,AAPL,XNAS,2,1,1.0001026391983032,100,300.0,2
1748959364000000000,AAPL,XNAS,2,-1,1.0012319087982178,100,282.0,2
1748959369000000000,AAPL,XNAS,1,1,1.0004106760025024,100,400.0,3
1748959369000000000,AAPL,XNAS,1,-1,1.0011805295944214,100,6.0,1
1748959369000000000,AAPL,XNAS,2,1,1.0001026391983032,100,300.0,2
1748959369000000000,AAPL,XNAS,2,-1,1.0012319087982178,100,182.0,1
1748959375000000000,AAPL,XNAS,1,1,1.0007699728012085,100,100.0,1
1748959375000000000,AAPL,XNAS,1,-1,1.0015912055969238,100,385.0,3
1748959375000000000,AAPL,XNAS,2,1,1.0004106760025024,100,200.0,1
1748959375000000000,AAPL,XNAS,2,-1,1.0021557807922363,100,200.0,1
1748959376000000000,AAPL,XNAS,1,1,1.0007699728012085,100,500.0,4
1748959376000000000,AAPL,XNAS,1,-1,1.0015912055969238,100,385.0,3
1748959376000000000,AAPL,XNAS,2,1,1.0003079175949097,100,10.0,1
1748959376000000000,AAPL,XNAS,2,-1,1.0020018815994263,100,1.0,1
1748959378000000000,AAPL,XNAS,1,1,1.0007699728012085,100,510.0,4
1748959378000000000,AAPL,XNAS,1,-1,1.0015912055969238,100,285.0,2
1748959378000000000,AAPL,XNAS,2,1,1.0003079175949097,100,10.0,1
1748959378000000000,AAPL,XNAS,2,-1,1.0018478631973267,100,100.0,1
1748959380000000000,AAPL,XNAS,1,1,1.0007699728012085,100,510.0,4
1748959380000000000,AAPL,XNAS,1,-1,1.0015912055969238,100,287.0,2
1748959380000000000,AAPL,XNAS,2,1,1.0003079175949097,100,10.0,1
1748959380000000000,AAPL,XNAS,2,-1,1.0018478631973267,100,100.0,1
1748959399000000000,AAPL,XNAS,1,1,1.0007699728012085,100,510.0,4
1748959399000000000,AAPL,XNAS,1,-1,1.0015912055969238,100,290.0,2
1748959399000000000,AAPL,XNAS,2,1,1.0003079175949097,100,10.0,1
1748959399000000000,AAPL,XNAS,2,-1,1.0018478631973267,100,100.0,1
1748959403000000000,AAPL,XNAS,1,1,1.0007699728012085,100,510.0,4
1748959403000000000,AAPL,XNAS,1,-1,1.0015912055969238,100,291.0,2
1748959403000000000,AAPL,XNAS,2,1,1.0003079175949097,100,10.0,1
1748959403000000000,AAPL,XNAS,2,-1,1.0018478631973267,100,100.0,1
1748959408000000000,AAPL,XNAS,1,1,1.0007699728012085,100,510.0,4
1748959408000000000,AAPL,XNAS,1,-1,1.0015398263931274,100,5.0,1
1748959408000000000,AAPL,XNAS,2,1,1.0004619359970093,100,10.0,1
1748959408000000000,AAPL,XNAS,2,-1,1.0015912055969238,100,286.0,2
1748959409000000000,AAPL,XNAS,1,1,1.0007699728012085,100,510.0,4
1748959409000000000,AAPL,XNAS,1,-1,1.0015398263931274,100,6.0,1
1748959409000000000,AAPL,XNAS,2,1,1.0004619359970093,100,10.0,1
1748959409000000000,AAPL,XNAS,2,-1,1.0015912055969238,100,286.0,2
1748959410000000000,AAPL,XNAS,1,1,1.0011805295944214,100,1.0,1
1748959410000000000,AAPL,XNAS,1,-1,1.0015398263931274,100,5.0,1
1748959410000000000,AAPL,XNAS,2,1,1.0011292695999146,100,1.0,1
1748959410000000000,AAPL,XNAS,2,-1,1.0015912055969238,100,286.0,2
1748959412000000000,AAPL,XNAS,1,1,1.0011805295944214,100,1.0,1
1748959412000000000,AAPL,XNAS,1,-1,1.0015398263931274,100,3.0,1
1748959412000000000,AAPL,XNAS,2,1,1.0011292695999146,100,1.0,1
1748959412000000000,AAPL,XNAS,2,-1,1.0015912055969238,100,100.0,1
1748959413000000000,AAPL,XNAS,1,1,1.0011805295944214,100,1.0,1
1748959413000000000,AAPL,XNAS,1,-1,1.0015398263931274,100,3.0,1
1748959413000000000,AAPL,XNAS,2,1,1.0011292695999146,100,1.0,1
1748959413000000000,AAPL,XNAS,2,-1,1.0015912055969238,100,1.0,1
1748959414000000000,AAPL,XNAS,1,1,1.0011805295944214,100,1.0,1
1748959414000000000,AAPL,XNAS,1,-1,1.0015398263931274,100,25.0,1
1748959414000000000,AAPL,XNAS,2,1,1.0011292695999146,100,1.0,1
1748959414000000000,AAPL,XNAS,2,-1,1.0015912055969238,100,1.0,1
1748959417000000000,AAPL,XNAS,1,1,1.0011805295944214,100,1.0,1
1748959417000000000,AAPL,XNAS,1,-1,1.0015398263931274,100,36.0,1
1748959417000000000,AAPL,XNAS,2,1,1.0011292695999146,100,1.0,1
1748959417000000000,AAPL,XNAS,2,-1,1.0015912055969238,100,1.0,1
1748959430000000000,AAPL,XNAS,1,1,1.0011805295944214,100,1.0,1
1748959430000000000,AAPL,XNAS,1,-1,1.0015398263931274,100,14.0,1
1748959430000000000,AAPL,XNAS,2,1,1.0011292695999146,100,1.0,1
1748959430000000000,AAPL,XNAS,2,-1,1.0015912055969238,100,1.0,1
1748959435000000000,AAPL,XNAS,1,1,1.0012832880020142,100,1.0,1
1748959435000000000,AAPL,XNAS,1,-1,1.0015398263931274,100,14.0,1
1748959435000000000,AAPL,XNAS,2,1,1.0011805295944214,100,1.0,1
1748959435000000000,AAPL,XNAS,2,-1,1.0015912055969238,100,1.0,1
1748959449000000000,AAPL,XNAS,1,1,1.001334547996521,100,200.0,1
1748959449000000000,AAPL,XNAS,1,-1,1.0017452239990234,100,1.0,1
1748959449000000000,AAPL,XNAS,2,1,1.0012832880020142,100,1.0,1
1748959449000000000,AAPL,XNAS,2,-1,1.0017964839935303,100,38.0,1
1748959450000000000,AAPL,XNAS,1,1,1.001334547996521,100,133.0,1
1748959450000000000,AAPL,XNAS,1,-1,1.0017452239990234,100,7.0,1
1748959450000000000,AAPL,XNAS,2,1,1.0008726119995117,100,110.0,1
1748959450000000000,AAPL,XNAS,2,-1,1.0017964839935303,100,34.0,1
1748959451000000000,AAPL,XNAS,1,1,1.001334547996521,100,133.0,1
1748959451000000000,AAPL,XNAS,1,-1,1.0017452239990234,100,7.0,1
1748959451000000000,AAPL,XNAS,2,1,1.0012319087982178,100,200.0,1
1748959451000000000,AAPL,XNAS,2,-1,1.0017964839935303,100,34.0,1
1748959452000000000,AAPL,XNAS,1,1,1.0011292695999146,100,100.0,1
1748959452000000000,AAPL,XNAS,1,-1,1.001693844795227,100,535.0,4
1748959452000000000,AAPL,XNAS,2,1,1.0008726119995117,100,110.0,1
1748959452000000000,AAPL,XNAS,2,-1,1.0017452239990234,100,3.0,1
1748959453000000000,AAPL,XNAS,1,1,1.0011292695999146,100,300.0,2
1748959453000000000,AAPL,XNAS,1,-1,1.001693844795227,100,235.0,1
1748959453000000000,AAPL,XNAS,2,1,1.0008726119995117,100,310.0,2
1748959453000000000,AAPL,XNAS,2,-1,1.0017452239990234,100,3.0,1
1748959454000000000,AAPL,XNAS,1,1,1.0011292695999146,100,400.0,3
1748959454000000000,AAPL,XNAS,1,-1,1.001693844795227,100,6.0,1
1748959454000000000,AAPL,XNAS,2,1,1.0008726119995117,100,210.0,1
1748959454000000000,AAPL,XNAS,2,-1,1.0017452239990234,100,2.0,1
1748959456000000000,AAPL,XNAS,1,1,1.0011292695999146,100,400.0,3
1748959456000000000,AAPL,XNAS,1,-1,1.001693844795227,100,6.0,1
1748959456000000000,AAPL,XNAS,2,1,1.0010778903961182,100,10.0,1
1748959456000000000,AAPL,XNAS,2,-1,1.0017452239990234,100,2.0,1
1748959458000000000,AAPL,XNAS,1,1,1.0011292695999146,100,400.0,3
1748959458000000000,AAPL,XNAS,1,-1,1.001693844795227,100,8.0,1
1748959458000000000,AAPL,XNAS,2,1,1.0010778903961182,100,10.0,1
1748959458000000000,AAPL,XNAS,2,-1,1.0017452239990234,100,2.0,1
1748959467000000000,AAPL,XNAS,1,1,1.0011292695999146,100,400.0,3
1748959467000000000,AAPL,XNAS,1,-1,1.001693844795227,100,10.0,1
1748959467000000000,AAPL,XNAS,2,1,1.0010778903961182,100,10.0,1
1748959467000000000,AAPL,XNAS,2,-1,1.0017452239990234,100,2.0,1
1748959476000000000,AAPL,XNAS,1,1,1.0011292695999146,100,400.0,3
1748959476000000000,AAPL,XNAS,1,-1,1.001693844795227,100,30.0,1
1748959476000000000,AAPL,XNAS,2,1,1.0008726119995117,100,110.0,1
1748959476000000000,AAPL,XNAS,2,-1,1.0017452239990234,100,2.0,1
1748959477000000000,AAPL,XNAS,1,1,1.0011292695999146,100,400.0,3
1748959477000000000,AAPL,XNAS,1,-1,1.001693844795227,100,28.0,1
1748959477000000000,AAPL,XNAS,2,1,1.0008726119995117,100,110.0,1
1748959477000000000,AAPL,XNAS,2,-1,1.0017452239990234,100,2.0,1
1748959478000000000,AAPL,XNAS,1,1,1.0011292695999146,100,400.0,3
1748959478000000000,AAPL,XNAS,1,-1,1.001693844795227,100,28.0,1
1748959478000000000,AAPL,XNAS,2,1,1.0010778903961182,100,100.0,1
1748959478000000000,AAPL,XNAS,2,-1,1.0017452239990234,100,4.0,1
1748959480000000000,AAPL,XNAS,1,1,1.0011292695999146,100,400.0,3
1748959480000000000,AAPL,XNAS,1,-1,1.001693844795227,100,28.0,1
1748959480000000000,AAPL,XNAS,2,1,1.0010266304016113,100,100.0,1
1748959480000000000,AAPL,XNAS,2,-1,1.0017452239990234,100,4.0,1
1748959482000000000,AAPL,XNAS,1,1,1.0011292695999146,100,300.0,2
1748959482000000000,AAPL,XNAS,1,-1,1.001693844795227,100,28.0,1
1748959482000000000,AAPL,XNAS,2,1,1.000975251197815,100,300.0,2
1748959482000000000,AAPL,XNAS,2,-1,1.0017452239990234,100,4.0,1
1748959483000000000,AAPL,XNAS,1,1,1.0011292695999146,100,300.0,2
1748959483000000000,AAPL,XNAS,1,-1,1.001693844795227,100,28.0,1
1748959483000000000,AAPL,XNAS,2,1,1.000975251197815,100,200.0,1
1748959483000000000,AAPL,XNAS,2,-1,1.0017452239990234,100,2.0,1
1748959484000000000,AAPL,XNAS,1,1,1.0011292695999146,100,300.0,2
1748959484000000000,AAPL,XNAS,1,-1,1.001693844795227,100,28.0,1
1748959484000000000,AAPL,XNAS,2,1,1.0009238719940186,100,200.0,1
1748959484000000000,AAPL,XNAS,2,-1,1.0017452239990234,100,4.0,1
1748959486000000000,AAPL,XNAS,1,1,1.0011292695999146,100,300.0,2
1748959486000000000,AAPL,XNAS,1,-1,1.001693844795227,100,29.0,1
1748959486000000000,AAPL,XNAS,2,1,1.0009238719940186,100,200.0,1
1748959486000000000,AAPL,XNAS,2,-1,1.0017452239990234,100,2.0,1
1748959488000000000,AAPL,XNAS,1,1,1.0011292695999146,100,400.0,3
1748959488000000000,AAPL,XNAS,1,-1,1.001693844795227,100,29.0,1
1748959488000000000,AAPL,XNAS,2,1,1.0010266304016113,100,100.0,1
1748959488000000000,AAPL,XNAS,2,-1,1.0017452239990234,100,2.0,1
1748959489000000000,AAPL,XNAS,1,1,1.0011292695999146,100,400.0,3
1748959489000000000,AAPL,XNAS,1,-1,1.001693844795227,100,29.0,1
1748959489000000000,AAPL,XNAS,2,1,1.0010778903961182,100,100.0,1
1748959489000000000,AAPL,XNAS,2,-1,1.0017452239990234,100,2.0,1
1748959491000000000,AAPL,XNAS,1,1,1.0011292695999146,100,400.0,3
1748959491000000000,AAPL,XNAS,1,-1,1.001693844795227,100,161.0,1
1748959491000000000,AAPL,XNAS,2,1,1.0010778903961182,100,100.0,1
1748959491000000000,AAPL,XNAS,2,-1,1.0017452239990234,100,2.0,1
1748959493000000000,AAPL,XNAS,1,1,1.0011292695999146,100,400.0,3
1748959493000000000,AAPL,XNAS,1,-1,1.001693844795227,100,161.0,1
1748959493000000000,AAPL,XNAS,2,1,1.0010266304016113,100,200.0,1
1748959493000000000,AAPL,XNAS,2,-1,1.0017452239990234,100,2.0,1
1748959494000000000,AAPL,XNAS,1,1,1.0011292695999146,100,400.0,3
1748959494000000000,AAPL,XNAS,1,-1,1.001693844795227,100,161.0,1
1748959494000000000,AAPL,XNAS,2,1,1.0010266304016113,100,100.0,1
1748959494000000000,AAPL,XNAS,2,-1,1.0017452239990234,100,2.0,1
1748959499000000000,AAPL,XNAS,1,1,1.0011292695999146,100,300.0,2
1748959499000000000,AAPL,XNAS,1,-1,1.001693844795227,100,161.0,1
1748959499000000000,AAPL,XNAS,2,1,1.0009238719940186,100,200.0,1
1748959499000000000,AAPL,XNAS,2,-1,1.0017452239990234,100,2.0,1
1748959501000000000,AAPL,XNAS,1,1,1.0011292695999146,100,300.0,2
1748959501000000000,AAPL,XNAS,1,-1,1.001693844795227,100,161.0,1
1748959501000000000,AAPL,XNAS,2,1,1.000975251197815,100,200.0,1
1748959501000000000,AAPL,XNAS,2,-1,1.0017452239990234,100,2.0,1
1748959504000000000,AAPL,XNAS,1,1,1.0011292695999146,100,300.0,2
1748959504000000000,AAPL,XNAS,1,-1,1.001693844795227,100,171.0,1
1748959504000000000,AAPL,XNAS,2,1,1.000975251197815,100,200.0,1
1748959504000000000,AAPL,XNAS,2,-1,1.0017452239990234,100,2.0,1
1748959506000000000,AAPL,XNAS,1,1,1.0011292695999146,100,400.0,3
1748959506000000000,AAPL,XNAS,1,-1,1.001693844795227,100,171.0,1
1748959506000000000,AAPL,XNAS,2,1,1.0010778903961182,100,100.0,1
1748959506000000000,AAPL,XNAS,2,-1,1.0017452239990234,100,2.0,1
1748959508000000000,AAPL,XNAS,1,1,1.0011292695999146,100,400.0,3
1748959508000000000,AAPL,XNAS,1,-1,1.001693844795227,100,173.0,1
1748959508000000000,AAPL,XNAS,2,1,1.0010778903961182,100,100.0,1
1748959508000000000,AAPL,XNAS,2,-1,1.0017452239990234,100,2.0,1
1748959509000000000,AAPL,XNAS,1,1,1.0011292695999146,100,400.0,3
1748959509000000000,AAPL,XNAS,1,-1,1.001693844795227,100,173.0,1
1748959509000000000,AAPL,XNAS,2,1,1.0010266304016113,100,200.0,1
1748959509000000000,AAPL,XNAS,2,-1,1.0017452239990234,100,2.0,1
1748959514000000000,AAPL,XNAS,1,1,1.0011292695999146,100,400.0,3
1748959514000000000,AAPL,XNAS,1,-1,1.001693844795227,100,173.0,1
1748959514000000000,AAPL,XNAS,2,1,1.0010266304016113,100,100.0,1
1748959514000000000,AAPL,XNAS,2,-1,1.0017452239990234,100,2.0,1
1748959516000000000,AAPL,XNAS,1,1,1.0011292695999146,100,300.0,2
1748959516000000000,AAPL,XNAS,1,-1,1.001693844795227,100,173.0,1
1748959516000000000,AAPL,XNAS,2,1,1.000975251197815,100,200.0,1
1748959516000000000,AAPL,XNAS,2,-1,1.0017452239990234,100,2.0,1
1748959517000000000,AAPL,XNAS,1,1,1.0011292695999146,100,300.0,2
1748959517000000000,AAPL,XNAS,1,-1,1.001693844795227,100,173.0,1
1748959517000000000,AAPL,XNAS,2,1,1.000975251197815,100,200.0,1
1748959517000000000,AAPL,XNAS,2,-1,1.0017452239990234,100,4.0,1
1748959525000000000,AAPL,XNAS,1,1,1.0011292695999146,100,400.0,3
1748959525000000000,AAPL,XNAS,1,-1,1.001693844795227,100,173.0,1
1748959525000000000,AAPL,XNAS,2,1,1.0010266304016113,100,100.0,1
1748959525000000000,AAPL,XNAS,2,-1,1.0017452239990234,100,4.0,1
1748959527000000000,AAPL,XNAS,1,1,1.0011292695999146,100,400.0,3
1748959527000000000,AAPL,XNAS,1,-1,1.001693844795227,100,175.0,1
1748959527000000000,AAPL,XNAS,2,1,1.0010266304016113,100,100.0,1
1748959527000000000,AAPL,XNAS,2,-1,1.0017452239990234,100,4.0,1
1748959528000000000,AAPL,XNAS,1,1,1.0011292695999146,100,400.0,3
1748959528000000000,AAPL,XNAS,1,-1,1.001693844795227,100,175.0,1
1748959528000000000,AAPL,XNAS,2,1,1.0010778903961182,100,100.0,1
1748959528000000000,AAPL,XNAS,2,-1,1.0017452239990234,100,4.0,1
1748959531000000000,AAPL,XNAS,1,1,1.0011292695999146,100,400.0,3
1748959531000000000,AAPL,XNAS,1,-1,1.001693844795227,100,175.0,1
1748959531000000000,AAPL,XNAS,2,1,1.0010266304016113,100,100.0,1
1748959531000000000,AAPL,XNAS,2,-1,1.0017452239990234,100,4.0,1
1748959541000000000,AAPL,XNAS,1,1,1.0011292695999146,100,400.0,3
1748959541000000000,AAPL,XNAS,1,-1,1.001693844795227,100,175.0,1
1748959541000000000,AAPL,XNAS,2,1,1.0010778903961182,100,100.0,1
1748959541000000000,AAPL,XNAS,2,-1,1.0017452239990234,100,4.0,1
1748959545000000000,AAPL,XNAS,1,1,1.0011292695999146,100,400.0,3
1748959545000000000,AAPL,XNAS,1,-1,1.001693844795227,100,175.0,1
1748959545000000000,AAPL,XNAS,2,1,1.0010266304016113,100,200.0,1
1748959545000000000,AAPL,XNAS,2,-1,1.0017452239990234,100,4.0,1
1748959547000000000,AAPL,XNAS,1,1,1.0011292695999146,100,300.0,2
1748959547000000000,AAPL,XNAS,1,-1,1.0014371871948242,100,1.0,1
1748959547000000000,AAPL,XNAS,2,1,1.000975251197815,100,300.0,2
1748959547000000000,AAPL,XNAS,2,-1,1.001693844795227,100,155.0,1
1748959548000000000,AAPL,XNAS,1,1,1.0011292695999146,100,300.0,2
1748959548000000000,AAPL,XNAS,1,-1,1.0014371871948242,100,1.0,1
1748959548000000000,AAPL,XNAS,2,1,1.000975251197815,100,200.0,1
1748959548000000000,AAPL,XNAS,2,-1,1.001693844795227,100,155.0,1
1748959560000000000,AAPL,XNAS,1,1,1.0011292695999146,100,300.0,2
1748959560000000000,AAPL,XNAS,1,-1,1.0014371871948242,100,1.0,1
1748959560000000000,AAPL,XNAS,2,1,1.0009238719940186,100,300.0,2
1748959560000000000,AAPL,XNAS,2,-1,1.001693844795227,100,155.0,1
1748959562000000000,AAPL,XNAS,1,1,1.0011292695999146,100,300.0,2
1748959562000000000,AAPL,XNAS,1,-1,1.0014371871948242,100,1.0,1
1748959562000000000,AAPL,XNAS,2,1,1.000975251197815,100,300.0,2
1748959562000000000,AAPL,XNAS,2,-1,1.001693844795227,100,155.0,1
1748959563000000000,AAPL,XNAS,1,1,1.0011292695999146,100,300.0,2
1748959563000000000,AAPL,XNAS,1,-1,1.001693844795227,100,155.0,1
1748959563000000000,AAPL,XNAS,2,1,1.000975251197815,100,200.0,1
1748959563000000000,AAPL,XNAS,2,-1,1.0017452239990234,100,4.0,1
1748959577000000000,AAPL,XNAS,1,1,1.0011292695999146,100,400.0,3
1748959577000000000,AAPL,XNAS,1,-1,1.001693844795227,100,155.0,1
1748959577000000000,AAPL,XNAS,2,1,1.0010266304016113,100,100.0,1
1748959577000000000,AAPL,XNAS,2,-1,1.0017452239990234,100,4.0,1
1748959578000000000,AAPL,XNAS,1,1,1.0011292695999146,100,300.0,2
1748959578000000000,AAPL,XNAS,1,-1,1.001693844795227,100,155.0,1
1748959578000000000,AAPL,XNAS,2,1,1.000975251197815,100,300.0,2
1748959578000000000,AAPL,XNAS,2,-1,1.0017452239990234,100,4.0,1
1748959579000000000,AAPL,XNAS,1,1,1.0011292695999146,100,300.0,2
1748959579000000000,AAPL,XNAS,1,-1,1.001693844795227,100,155.0,1
1748959579000000000,AAPL,XNAS,2,1,1.000975251197815,100,200.0,1
1748959579000000000,AAPL,XNAS,2,-1,1.0017452239990234,100,4.0,1
1748959583000000000,AAPL,XNAS,1,1,1.0011292695999146,100,400.0,3
1748959583000000000,AAPL,XNAS,1,-1,1.001693844795227,100,155.0,1
1748959583000000000,AAPL,XNAS,2,1,1.0010266304016113,100,100.0,1
1748959583000000000,AAPL,XNAS,2,-1,1.0017452239990234,100,4.0,1
1748959585000000000,AAPL,XNAS,1,1,1.0011292695999146,100,400.0,3
1748959585000000000,AAPL,XNAS,1,-1,1.001693844795227,100,155.0,1
1748959585000000000,AAPL,XNAS,2,1,1.000718593597412,100,1.0,1
1748959585000000000,AAPL,XNAS,2,-1,1.0017452239990234,100,4.0,1
1748959588000000000,AAPL,XNAS,1,1,1.0011292695999146,100,400.0,3
1748959588000000000,AAPL,XNAS,1,-1,1.001693844795227,100,155.0,1
1748959588000000000,AAPL,XNAS,2,1,1.0010778903961182,100,100.0,1
1748959588000000000,AAPL,XNAS,2,-1,1.0017452239990234,100,4.0,1
1748959591000000000,AAPL,XNAS,1,1,1.0011292695999146,100,400.0,3
1748959591000000000,AAPL,XNAS,1,-1,1.001693844795227,100,155.0,1
1748959591000000000,AAPL,XNAS,2,1,1.000718593597412,100,1.0,1
1748959591000000000,AAPL,XNAS,2,-1,1.0017452239990234,100,4.0,1
1748959595000000000,AAPL,XNAS,1,1,1.0011292695999146,100,400.0,3
1748959595000000000,AAPL,XNAS,1,-1,1.001693844795227,100,255.0,2
1748959595000000000,AAPL,XNAS,2,1,1.0010778903961182,100,100.0,1
1748959595000000000,AAPL,XNAS,2,-1,1.0017452239990234,100,4.0,1
1748959605000000000,AAPL,XNAS,1,1,1.0011292695999146,100,400.0,3
1748959605000000000,AAPL,XNAS,1,-1,1.001693844795227,100,356.0,2
1748959605000000000,AAPL,XNAS,2,1,1.0010778903961182,100,100.0,1
1748959605000000000,AAPL,XNAS,2,-1,1.0017452239990234,100,4.0,1
1748959606000000000,AAPL,XNAS,1,1,1.0011292695999146,100,400.0,3
1748959606000000000,AAPL,XNAS,1,-1,1.001693844795227,100,356.0,2
1748959606000000000,AAPL,XNAS,2,1,1.000718593597412,100,1.0,1
1748959606000000000,AAPL,XNAS,2,-1,1.0017452239990234,100,4.0,1
1748959608000000000,AAPL,XNAS,1,1,1.0011292695999146,100,400.0,3
1748959608000000000,AAPL,XNAS,1,-1,1.001693844795227,100,156.0,1
1748959608000000000,AAPL,XNAS,2,1,1.0008726119995117,100,200.0,1
1748959608000000000,AAPL,XNAS,2,-1,1.0017452239990234,100,4.0,1
1748959609000000000,AAPL,XNAS,1,1,1.0011292695999146,100,400.0,3
1748959609000000000,AAPL,XNAS,1,-1,1.001693844795227,100,156.0,1
1748959609000000000,AAPL,XNAS,2,1,1.0010778903961182,100,100.0,1
1748959609000000000,AAPL,XNAS,2,-1,1.0017452239990234,100,4.0,1
1748959613000000000,AAPL,XNAS,1,1,1.0011292695999146,100,400.0,3
1748959613000000000,AAPL,XNAS,1,-1,1.001693844795227,100,156.0,1
1748959613000000000,AAPL,XNAS,2,1,1.0010778903961182,100,100.0,1
1748959613000000000,AAPL,XNAS,2,-1,1.0017452239990234,100,4.0,1
1748959615000000000,AAPL,XNAS,1,1,1.0011292695999146,100,400.0,3
1748959615000000000,AAPL,XNAS,1,-1,1.001693844795227,100,156.0,1
1748959615000000000,AAPL,XNAS,2,1,1.000718593597412,100,1.0,1
1748959615000000000,AAPL,XNAS,2,-1,1.0017452239990234,100,4.0,1
1748959620000000000,AAPL,XNAS,1,1,1.0011292695999146,100,420.0,3
1748959620000000000,AAPL,XNAS,1,-1,1.001693844795227,100,156.0,1
1748959620000000000,AAPL,XNAS,2,1,1.000718593597412,100,1.0,1
1748959620000000000,AAPL,XNAS,2,-1,1.0017452239990234,100,4.0,1
1748959621000000000,AAPL,XNAS,1,1,1.0011805295944214,100,18.0,1
1748959621000000000,AAPL,XNAS,1,-1,1.001693844795227,100,156.0,1
1748959621000000000,AAPL,XNAS,2,1,1.0011292695999146,100,320.0,2
1748959621000000000,AAPL,XNAS,2,-1,1.0017452239990234,100,4.0,1
1748959622000000000,AAPL,XNAS,1,1,1.0011805295944214,100,129.0,1
1748959622000000000,AAPL,XNAS,1,-1,1.001693844795227,100,156.0,1
1748959622000000000,AAPL,XNAS,2,1,1.0011292695999146,100,220.0,1
1748959622000000000,AAPL,XNAS,2,-1,1.0017452239990234,100,4.0,1
1748959623000000000,AAPL,XNAS,1,1,1.0011805295944214,100,229.0,1
1748959623000000000,AAPL,XNAS,1,-1,1.001693844795227,100,156.0,1
1748959623000000000,AAPL,XNAS,2,1,1.0011292695999146,100,120.0,1
1748959623000000000,AAPL,XNAS,2,-1,1.0017452239990234,100,4.0,1
1748959624000000000,AAPL,XNAS,1,1,1.0011805295944214,100,230.0,1
1748959624000000000,AAPL,XNAS,1,-1,1.001693844795227,100,156.0,1
1748959624000000000,AAPL,XNAS,2,1,1.0011292695999146,100,120.0,1
1748959624000000000,AAPL,XNAS,2,-1,1.0017452239990234,100,4.0,1
1748959625000000000,AAPL,XNAS,1,1,1.0011805295944214,100,330.0,2
1748959625000000000,AAPL,XNAS,1,-1,1.001693844795227,100,156.0,1
1748959625000000000,AAPL,XNAS,2,1,1.0011292695999146,100,120.0,1
1748959625000000000,AAPL,XNAS,2,-1,1.0017452239990234,100,4.0,1
1748959635000000000,AAPL,XNAS,1,1,1.0014371871948242,100,1.0,1
1748959635000000000,AAPL,XNAS,1,-1,1.0017964839935303,100,2.0,1
1748959635000000000,AAPL,XNAS,2,1,1.0012319087982178,100,300.0,2
1748959635000000000,AAPL,XNAS,2,-1,1.0018478631973267,100,1.0,1
1748959636000000000,AAPL,XNAS,1,1,1.0014371871948242,100,103.0,1
1748959636000000000,AAPL,XNAS,1,-1,1.0017964839935303,100,2.0,1
1748959636000000000,AAPL,XNAS,2,1,1.0012319087982178,100,100.0,1
1748959636000000000,AAPL,XNAS,2,-1,1.0018478631973267,100,1.0,1
1748959637000000000,AAPL,XNAS,1,1,1.0014371871948242,100,203.0,1
1748959637000000000,AAPL,XNAS,1,-1,1.0017964839935303,100,2.0,1
1748959637000000000,AAPL,XNAS,2,1,1.0012319087982178,100,200.0,1
1748959637000000000,AAPL,XNAS,2,-1,1.0018478631973267,100,1.0,1
1748959639000000000,AAPL,XNAS,1,1,1.0014371871948242,100,203.0,1
1748959639000000000,AAPL,XNAS,1,-1,1.0017964839935303,100,2.0,1
1748959639000000000,AAPL,XNAS,2,1,1.0012319087982178,100,300.0,2
1748959639000000000,AAPL,XNAS,2,-1,1.0018478631973267,100,1.0,1
1748959644000000000,AAPL,XNAS,1,1,1.001693844795227,100,1.0,1
1748959644000000000,AAPL,XNAS,1,-1,1.0017964839935303,100,2.0,1
1748959644000000000,AAPL,XNAS,2,1,1.0014371871948242,100,202.0,1
1748959644000000000,AAPL,XNAS,2,-1,1.0018478631973267,100,1.0,1
1748959645000000000,AAPL,XNAS,1,1,1.001693844795227,100,1.0,1
1748959645000000000,AAPL,XNAS,1,-1,1.0018478631973267,100,1.0,1
1748959645000000000,AAPL,XNAS,2,1,1.0014371871948242,100,202.0,1
1748959645000000000,AAPL,XNAS,2,-1,1.0020018815994263,100,122.0,1
1748959650000000000,AAPL,XNAS,1,1,1.001693844795227,100,1.0,1
1748959650000000000,AAPL,XNAS,1,-1,1.0018478631973267,100,1.0,1
1748959650000000000,AAPL,XNAS,2,1,1.0014371871948242,100,202.0,1
1748959650000000000,AAPL,XNAS,2,-1,1.0019505023956299,100,1.0,1
1748959656000000000,AAPL,XNAS,1,1,1.001693844795227,100,2.0,1
1748959656000000000,AAPL,XNAS,1,-1,1.0019505023956299,100,1.0,1
1748959656000000000,AAPL,XNAS,2,1,1.0014371871948242,100,201.0,1
1748959656000000000,AAPL,XNAS,2,-1,1.0020018815994263,100,122.0,1
1748959659000000000,AAPL,XNAS,1,1,1.0018478631973267,100,5.0,1
1748959659000000000,AAPL,XNAS,1,-1,1.0019505023956299,100,1.0,1
1748959659000000000,AAPL,XNAS,2,1,1.001693844795227,100,2.0,1
1748959659000000000,AAPL,XNAS,2,-1,1.0020018815994263,100,122.0,1
1748959663000000000,AAPL,XNAS,1,1,1.0018478631973267,100,5.0,1
1748959663000000000,AAPL,XNAS,1,-1,1.0019505023956299,100,1.0,1
1748959663000000000,AAPL,XNAS,2,1,1.001693844795227,100,2.0,1
1748959663000000000,AAPL,XNAS,2,-1,1.0020018815994263,100,130.0,1
1748959668000000000,AAPL,XNAS,1,1,1.001693844795227,100,2.0,1
1748959668000000000,AAPL,XNAS,1,-1,1.0019505023956299,100,1.0,1
1748959668000000000,AAPL,XNAS,2,1,1.0014371871948242,100,201.0,1
1748959668000000000,AAPL,XNAS,2,-1,1.0020018815994263,100,130.0,1
1748959669000000000,AAPL,XNAS,1,1,1.001693844795227,100,2.0,1
1748959669000000000,AAPL,XNAS,1,-1,1.0019505023956299,100,1.0,1
1748959669000000000,AAPL,XNAS,2,1,1.0014371871948242,100,401.0,3
1748959669000000000,AAPL,XNAS,2,-1,1.0020018815994263,100,130.0,1
1748959671000000000,AAPL,XNAS,1,1,1.001693844795227,100,2.0,1
1748959671000000000,AAPL,XNAS,1,-1,1.0019505023956299,100,51.0,1
1748959671000000000,AAPL,XNAS,2,1,1.0014371871948242,100,200.0,1
1748959671000000000,AAPL,XNAS,2,-1,1.0020018815994263,100,25.0,1
1748959672000000000,AAPL,XNAS,1,1,1.001693844795227,100,2.0,1
1748959672000000000,AAPL,XNAS,1,-1,1.0019505023956299,100,43.0,1
1748959672000000000,AAPL,XNAS,2,1,1.0014885663986206,100,105.0,1
1748959672000000000,AAPL,XNAS,2,-1,1.0020018815994263,100,25.0,1
1748959673000000000,AAPL,XNAS,1,1,1.001693844795227,100,2.0,1
1748959673000000000,AAPL,XNAS,1,-1,1.0019505023956299,100,43.0,1
1748959673000000000,AAPL,XNAS,2,1,1.0014885663986206,100,205.0,1
1748959673000000000,AAPL,XNAS,2,-1,1.0020018815994263,100,25.0,1
1748959675000000000,AAPL,XNAS,1,1,1.001693844795227,100,2.0,1
1748959675000000000,AAPL,XNAS,1,-1,1.0019505023956299,100,43.0,1
1748959675000000000,AAPL,XNAS,2,1,1.0014885663986206,100,405.0,3
1748959675000000000,AAPL,XNAS,2,-1,1.0020018815994263,100,25.0,1
1748959676000000000,AAPL,XNAS,1,1,1.001693844795227,100,2.0,1
1748959676000000000,AAPL,XNAS,1,-1,1.0019505023956299,100,43.0,1
1748959676000000000,AAPL,XNAS,2,1,1.0014885663986206,100,505.0,4
1748959676000000000,AAPL,XNAS,2,-1,1.0020018815994263,100,25.0,1
1748959677000000000,AAPL,XNAS,1,1,1.001693844795227,100,2.0,1
1748959677000000000,AAPL,XNAS,1,-1,1.0020018815994263,100,25.0,1
1748959677000000000,AAPL,XNAS,2,1,1.0016425848007202,100,5.0,1
1748959677000000000,AAPL,XNAS,2,-1,1.0022071599960327,100,241.0,2
1748959678000000000,AAPL,XNAS,1,1,1.001693844795227,100,2.0,1
1748959678000000000,AAPL,XNAS,1,-1,1.0020018815994263,100,25.0,1
1748959678000000000,AAPL,XNAS,2,1,1.0014885663986206,100,500.0,4
1748959678000000000,AAPL,XNAS,2,-1,1.0022071599960327,100,241.0,2
1748959682000000000,AAPL,XNAS,1,1,1.001693844795227,100,2.0,1
1748959682000000000,AAPL,XNAS,1,-1,1.0020018815994263,100,25.0,1
1748959682000000000,AAPL,XNAS,2,1,1.0014885663986206,100,500.0,4
1748959682000000000,AAPL,XNAS,2,-1,1.0022071599960327,100,246.0,2
1748959686000000000,AAPL,XNAS,1,1,1.001693844795227,100,2.0,1
1748959686000000000,AAPL,XNAS,1,-1,1.0020018815994263,100,25.0,1
1748959686000000000,AAPL,XNAS,2,1,1.0014885663986206,100,500.0,4
1748959686000000000,AAPL,XNAS,2,-1,1.0022071599960327,100,250.0,2
1748959702000000000,AAPL,XNAS,1,1,1.001693844795227,100,1.0,1
1748959702000000000,AAPL,XNAS,1,-1,1.0020018815994263,100,25.0,1
1748959702000000000,AAPL,XNAS,2,1,1.0014885663986206,100,500.0,4
1748959702000000000,AAPL,XNAS,2,-1,1.0022071599960327,100,250.0,2
1748959704000000000,AAPL,XNAS,1,1,1.001693844795227,100,1.0,1
1748959704000000000,AAPL,XNAS,1,-1,1.0020018815994263,100,25.0,1
1748959704000000000,AAPL,XNAS,2,1,1.0014885663986206,100,500.0,4
1748959704000000000,AAPL,XNAS,2,-1,1.0022071599960327,100,252.0,2
1748959714000000000,AAPL,XNAS,1,1,1.001693844795227,100,1.0,1
1748959714000000000,AAPL,XNAS,1,-1,1.0020018815994263,100,25.0,1
1748959714000000000,AAPL,XNAS,2,1,1.0014885663986206,100,500.0,4
1748959714000000000,AAPL,XNAS,2,-1,1.0022071599960327,100,252.0,2
1748959716000000000,AAPL,XNAS,1,1,1.001693844795227,100,1.0,1
1748959716000000000,AAPL,XNAS,1,-1,1.0020018815994263,100,25.0,1
1748959716000000000,AAPL,XNAS,2,1,1.0014885663986206,100,500.0,4
1748959716000000000,AAPL,XNAS,2,-1,1.0022071599960327,100,352.0,2
1748959720000000000,AAPL,XNAS,1,1,1.001693844795227,100,1.0,1
1748959720000000000,AAPL,XNAS,1,-1,1.0020018815994263,100,25.0,1
1748959720000000000,AAPL,XNAS,2,1,1.0014885663986206,100,500.0,4
1748959720000000000,AAPL,XNAS,2,-1,1.0022071599960327,100,353.0,2
1748959725000000000,AAPL,XNAS,1,1,1.001693844795227,100,1.0,1
1748959725000000000,AAPL,XNAS,1,-1,1.0020018815994263,100,25.0,1
1748959725000000000,AAPL,XNAS,2,1,1.0014885663986206,100,500.0,4
1748959725000000000,AAPL,XNAS,2,-1,1.0022071599960327,100,354.0,2
1748959730000000000,AAPL,XNAS,1,1,1.001693844795227,100,1.0,1
1748959730000000000,AAPL,XNAS,1,-1,1.0018478631973267,100,1.0,1
1748959730000000000,AAPL,XNAS,2,1,1.0014885663986206,100,500.0,4
1748959730000000000,AAPL,XNAS,2,-1,1.0020018815994263,100,25.0,1
1748959732000000000,AAPL,XNAS,1,1,1.001693844795227,100,1.0,1
1748959732000000000,AAPL,XNAS,1,-1,1.0018478631973267,100,1.0,1
1748959732000000000,AAPL,XNAS,2,1,1.0014885663986206,100,500.0,4
1748959732000000000,AAPL,XNAS,2,-1,1.0020018815994263,100,26.0,1
1748959733000000000,AAPL,XNAS,1,1,1.0010266304016113,100,1.0,1
1748959733000000000,AAPL,XNAS,1,-1,1.0014885663986206,100,412.0,3
1748959733000000000,AAPL,XNAS,2,1,1.000975251197815,100,200.0,1
1748959733000000000,AAPL,XNAS,2,-1,1.0017452239990234,100,1.0,1
1748959734000000000,AAPL,XNAS,1,1,1.0010266304016113,100,1.0,1
1748959734000000000,AAPL,XNAS,1,-1,1.0014885663986206,100,113.0,1
1748959734000000000,AAPL,XNAS,2,1,1.000975251197815,100,200.0,1
1748959734000000000,AAPL,XNAS,2,-1,1.0018478631973267,100,100.0,1
1748959735000000000,AAPL,XNAS,1,1,1.0010266304016113,100,1.0,1
1748959735000000000,AAPL,XNAS,1,-1,1.0014885663986206,100,113.0,1
1748959735000000000,AAPL,XNAS,2,1,1.000975251197815,100,200.0,1
1748959735000000000,AAPL,XNAS,2,-1,1.0017452239990234,100,1.0,1
1748959736000000000,AAPL,XNAS,1,1,1.0010266304016113,100,1.0,1
1748959736000000000,AAPL,XNAS,1,-1,1.0014885663986206,100,112.0,1
1748959736000000000,AAPL,XNAS,2,1,1.000975251197815,100,200.0,1
1748959736000000000,AAPL,XNAS,2,-1,1.0017452239990234,100,1.0,1
1748959737000000000,AAPL,XNAS,1,1,1.0010266304016113,100,1.0,1
1748959737000000000,AAPL,XNAS,1,-1,1.0014885663986206,100,234.0,1
1748959737000000000,AAPL,XNAS,2,1,1.000975251197815,100,200.0,1
1748959737000000000,AAPL,XNAS,2,-1,1.0017452239990234,100,1.0,1
1748959738000000000,AAPL,XNAS,1,1,1.0010266304016113,100,1.0,1
1748959738000000000,AAPL,XNAS,1,-1,1.0014885663986206,100,334.0,2
1748959738000000000,AAPL,XNAS,2,1,1.0009238719940186,100,115.0,1
1748959738000000000,AAPL,XNAS,2,-1,1.0017452239990234,100,1.0,1
1748959743000000000,AAPL,XNAS,1,1,1.0010266304016113,100,1.0,1
1748959743000000000,AAPL,XNAS,1,-1,1.0014885663986206,100,235.0,1
1748959743000000000,AAPL,XNAS,2,1,1.0009238719940186,100,115.0,1
1748959743000000000,AAPL,XNAS,2,-1,1.0017452239990234,100,1.0,1
1748959750000000000,AAPL,XNAS,1,1,1.0010266304016113,100,1.0,1
1748959750000000000,AAPL,XNAS,1,-1,1.0014885663986206,100,238.0,1
1748959750000000000,AAPL,XNAS,2,1,1.0009238719940186,100,115.0,1
1748959750000000000,AAPL,XNAS,2,-1,1.0017452239990234,100,1.0,1
1748959752000000000,AAPL,XNAS,1,1,1.0010266304016113,100,1.0,1
1748959752000000000,AAPL,XNAS,1,-1,1.0014885663986206,100,238.0,1
1748959752000000000,AAPL,XNAS,2,1,1.0009238719940186,100,115.0,1
1748959752000000000,AAPL,XNAS,2,-1,1.0016425848007202,100,100.0,1
1748959756000000000,AAPL,XNAS,1,1,1.0010266304016113,100,1.0,1
1748959756000000000,AAPL,XNAS,1,-1,1.0014885663986206,100,239.0,1
1748959756000000000,AAPL,XNAS,2,1,1.0009238719940186,100,115.0,1
1748959756000000000,AAPL,XNAS,2,-1,1.0016425848007202,100,100.0,1
1748959769000000000,AAPL,XNAS,1,1,1.0010266304016113,100,2.0,1
1748959769000000000,AAPL,XNAS,1,-1,1.0014885663986206,100,239.0,1
1748959769000000000,AAPL,XNAS,2,1,1.0009238719940186,100,115.0,1
1748959769000000000,AAPL,XNAS,2,-1,1.0016425848007202,100,100.0,1
1748959770000000000,AAPL,XNAS,1,1,1.0010266304016113,100,2.0,1
1748959770000000000,AAPL,XNAS,1,-1,1.0014885663986206,100,241.0,2
1748959770000000000,AAPL,XNAS,2,1,1.0009238719940186,100,115.0,1
1748959770000000000,AAPL,XNAS,2,-1,1.0016425848007202,100,100.0,1
1748959771000000000,AAPL,XNAS,1,1,1.0010266304016113,100,1.0,1
1748959771000000000,AAPL,XNAS,1,-1,1.0014885663986206,100,241.0,2
1748959771000000000,AAPL,XNAS,2,1,1.0009238719940186,100,115.0,1
1748959771000000000,AAPL,XNAS,2,-1,1.0016425848007202,100,100.0,1
1748959775000000000,AAPL,XNAS,1,1,1.0010266304016113,100,1.0,1
1748959775000000000,AAPL,XNAS,1,-1,1.0014371871948242,100,218.0,1
1748959775000000000,AAPL,XNAS,2,1,1.0009238719940186,100,115.0,1
1748959775000000000,AAPL,XNAS,2,-1,1.0014885663986206,100,102.0,1
1748959778000000000,AAPL,XNAS,1,1,1.0010266304016113,100,1.0,1
1748959778000000000,AAPL,XNAS,1,-1,1.0014371871948242,100,418.0,3
1748959778000000000,AAPL,XNAS,2,1,1.0009238719940186,100,115.0,1
1748959778000000000,AAPL,XNAS,2,-1,1.0014885663986206,100,102.0,1
1748959780000000000,AAPL,XNAS,1,1,1.0010266304016113,100,1.0,1
1748959780000000000,AAPL,XNAS,1,-1,1.0014371871948242,100,318.0,2
1748959780000000000,AAPL,XNAS,2,1,1.0009238719940186,100,115.0,1
1748959780000000000,AAPL,XNAS,2,-1,1.0014885663986206,100,102.0,1
1748959781000000000,AAPL,XNAS,1,1,1.0010266304016113,100,1.0,1
1748959781000000000,AAPL,XNAS,1,-1,1.0014371871948242,100,319.0,2
1748959781000000000,AAPL,XNAS,2,1,1.0009238719940186,100,115.0,1
1748959781000000000,AAPL,XNAS,2,-1,1.0014885663986206,100,102.0,1
1748959783000000000,AAPL,XNAS,1,1,1.0010266304016113,100,2.0,1
1748959783000000000,AAPL,XNAS,1,-1,1.0014371871948242,100,319.0,2
1748959783000000000,AAPL,XNAS,2,1,1.0009238719940186,100,115.0,1
1748959783000000000,AAPL,XNAS,2,-1,1.0014885663986206,100,102.0,1
1748959784000000000,AAPL,XNAS,1,1,1.0010266304016113,100,1.0,1
1748959784000000000,AAPL,XNAS,1,-1,1.0014371871948242,100,419.0,3
1748959784000000000,AAPL,XNAS,2,1,1.0009238719940186,100,115.0,1
1748959784000000000,AAPL,XNAS,2,-1,1.0014885663986206,100,102.0,1
1748959785000000000,AAPL,XNAS,1,1,1.0010266304016113,100,2.0,1
1748959785000000000,AAPL,XNAS,1,-1,1.0014371871948242,100,419.0,3
1748959785000000000,AAPL,XNAS,2,1,1.0009238719940186,100,115.0,1
1748959785000000000,AAPL,XNAS,2,-1,1.0014885663986206,100,102.0,1
1748959786000000000,AAPL,XNAS,1,1,1.0010266304016113,100,1.0,1
1748959786000000000,AAPL,XNAS,1,-1,1.0014371871948242,100,319.0,2
1748959786000000000,AAPL,XNAS,2,1,1.0009238719940186,100,115.0,1
1748959786000000000,AAPL,XNAS,2,-1,1.0014885663986206,100,102.0,1
1748959788000000000,AAPL,XNAS,1,1,1.0010266304016113,100,1.0,1
1748959788000000000,AAPL,XNAS,1,-1,1.0014371871948242,100,319.0,2
1748959788000000000,AAPL,XNAS,2,1,1.000975251197815,100,1.0,1
1748959788000000000,AAPL,XNAS,2,-1,1.0014885663986206,100,102.0,1
1748959791000000000,AAPL,XNAS,1,1,1.0010266304016113,100,101.0,1
1748959791000000000,AAPL,XNAS,1,-1,1.0014371871948242,100,19.0,1
1748959791000000000,AAPL,XNAS,2,1,1.000975251197815,100,1.0,1
1748959791000000000,AAPL,XNAS,2,-1,1.0014885663986206,100,102.0,1
1748959792000000000,AAPL,XNAS,1,1,1.0010266304016113,100,101.0,1
1748959792000000000,AAPL,XNAS,1,-1,1.0014371871948242,100,18.0,1
1748959792000000000,AAPL,XNAS,2,1,1.0009238719940186,100,215.0,1
1748959792000000000,AAPL,XNAS,2,-1,1.0014885663986206,100,102.0,1
1748959800000000000,AAPL,XNAS,1,1,0.9953697323799133,100,305.0,2
1748959800000000000,AAPL,XNAS,1,-1,0.9963222742080688,100,15.0,1
1748959800000000000,AAPL,XNAS,2,1,0.995263934135437,100,100.0,1
1748959800000000000,AAPL,XNAS,2,-1,0.9968514442443848,100,232.0,1
1748959801000000000,AAPL,XNAS,1,1,0.9953697323799133,100,305.0,2
1748959801000000000,AAPL,XNAS,1,-1,0.9963222742080688,100,86.0,1
1748959801000000000,AAPL,XNAS,2,1,0.995263934135437,100,100.0,1
1748959801000000000,AAPL,XNAS,2,-1,0.9968514442443848,100,232.0,1
1748959802000000000,AAPL,XNAS,1,1,0.9953697323799133,100,305.0,2
1748959802000000000,AAPL,XNAS,1,-1,0.9963222742080688,100,15.0,1
1748959802000000000,AAPL,XNAS,2,1,0.995263934135437,100,100.0,1
1748959802000000000,AAPL,XNAS,2,-1,0.9968514442443848,100,232.0,1
1748959804000000000,AAPL,XNAS,1,1,0.9956343173980713,100,100.0,1
1748959804000000000,AAPL,XNAS,1,-1,0.9968514442443848,100,232.0,1
1748959804000000000,AAPL,XNAS,2,1,0.9955814480781555,100,5.0,1
1748959804000000000,AAPL,XNAS,2,-1,0.997486412525177,100,4.0,1
1748959805000000000,AAPL,XNAS,1,1,0.9957401752471924,100,100.0,1
1748959805000000000,AAPL,XNAS,1,-1,0.9968514442443848,100,232.0,1
1748959805000000000,AAPL,XNAS,2,1,0.9956872463226318,100,5.0,1
1748959805000000000,AAPL,XNAS,2,-1,0.997486412525177,100,4.0,1
1748959806000000000,AAPL,XNAS,1,1,0.9957931041717529,100,5.0,1
1748959806000000000,AAPL,XNAS,1,-1,0.9968514442443848,100,232.0,1
1748959806000000000,AAPL,XNAS,2,1,0.9957401752471924,100,200.0,1
1748959806000000000,AAPL,XNAS,2,-1,0.997486412525177,100,4.0,1
1748959807000000000,AAPL,XNAS,1,1,0.9957931041717529,100,5.0,1
1748959807000000000,AAPL,XNAS,1,-1,0.9968514442443848,100,308.0,2
1748959807000000000,AAPL,XNAS,2,1,0.9957401752471924,100,200.0,1
1748959807000000000,AAPL,XNAS,2,-1,0.997486412525177,100,4.0,1
1748959809000000000,AAPL,XNAS,1,1,0.9957931041717529,100,5.0,1
1748959809000000000,AAPL,XNAS,1,-1,0.9968514442443848,100,308.0,2
1748959809000000000,AAPL,XNAS,2,1,0.9957401752471924,100,300.0,2
1748959809000000000,AAPL,XNAS,2,-1,0.997486412525177,100,4.0,1
1748959810000000000,AAPL,XNAS,1,1,0.9957401752471924,100,300.0,2
1748959810000000000,AAPL,XNAS,1,-1,0.9967985153198242,100,171.0,1
1748959810000000000,AAPL,XNAS,2,1,0.9954755902290344,100,100.0,1
1748959810000000000,AAPL,XNAS,2,-1,0.9968514442443848,100,232.0,1
1748959811000000000,AAPL,XNAS,1,1,0.995263934135437,100,100.0,1
1748959811000000000,AAPL,XNAS,1,-1,0.9961106181144714,100,100.0,1
1748959811000000000,AAPL,XNAS,2,1,0.9944172501564026,99,100.0,1
1748959811000000000,AAPL,XNAS,2,-1,0.9961634874343872,100,100.0,1
1748959813000000000,AAPL,XNAS,1,1,0.995263934135437,100,100.0,1
1748959813000000000,AAPL,XNAS,1,-1,0.9961634874343872,100,100.0,1
1748959813000000000,AAPL,XNAS,2,1,0.9944172501564026,99,100.0,1
1748959813000000000,AAPL,XNAS,2,-1,0.9968514442443848,100,100.0,1
1748959818000000000,AAPL,XNAS,1,1,0.995263934135437,100,100.0,1
1748959818000000000,AAPL,XNAS,1,-1,0.9961634874343872,100,205.0,1
1748959818000000000,AAPL,XNAS,2,1,0.9944172501564026,99,100.0,1
1748959818000000000,AAPL,XNAS,2,-1,0.9969043731689453,100,100.0,1
1748959820000000000,AAPL,XNAS,1,1,0.9953168630599976,100,300.0,2
1748959820000000000,AAPL,XNAS,1,-1,0.9961634874343872,100,200.0,1
1748959820000000000,AAPL,XNAS,2,1,0.995263934135437,100,100.0,1
1748959820000000000,AAPL,XNAS,2,-1,0.9969043731689453,100,100.0,1
1748959821000000000,AAPL,XNAS,1,1,0.9953168630599976,100,100.0,1
1748959821000000000,AAPL,XNAS,1,-1,0.9961634874343872,100,205.0,1
1748959821000000000,AAPL,XNAS,2,1,0.995263934135437,100,100.0,1
1748959821000000000,AAPL,XNAS,2,-1,0.9969043731689453,100,100.0,1
1748959823000000000,AAPL,XNAS,1,1,0.9953168630599976,100,100.0,1
1748959823000000000,AAPL,XNAS,1,-1,0.9961634874343872,100,205.0,1
1748959823000000000,AAPL,XNAS,2,1,0.995263934135437,100,100.0,1
1748959823000000000,AAPL,XNAS,2,-1,0.9969043731689453,100,100.0,1
1748959824000000000,AAPL,XNAS,1,1,0.9953697323799133,100,100.0,1
1748959824000000000,AAPL,XNAS,1,-1,0.9961634874343872,100,100.0,1
1748959824000000000,AAPL,XNAS,2,1,0.9953168630599976,100,100.0,1
1748959824000000000,AAPL,XNAS,2,-1,0.9969043731689453,100,300.0,2
1748959825000000000,AAPL,XNAS,1,1,0.9953168630599976,100,100.0,1
1748959825000000000,AAPL,XNAS,1,-1,0.9959518313407898,100,73.0,1
1748959825000000000,AAPL,XNAS,2,1,0.9937293529510498,99,100.0,1
1748959825000000000,AAPL,XNAS,2,-1,0.9961634874343872,100,105.0,1
1748959826000000000,AAPL,XNAS,1,1,0.9953697323799133,100,100.0,1
1748959826000000000,AAPL,XNAS,1,-1,0.9961634874343872,100,100.0,1
1748959826000000000,AAPL,XNAS,2,1,0.9953168630599976,100,100.0,1
1748959826000000000,AAPL,XNAS,2,-1,0.9969043731689453,100,200.0,1
1748959827000000000,AAPL,XNAS,1,1,0.9953697323799133,100,100.0,1
1748959827000000000,AAPL,XNAS,1,-1,0.9961634874343872,100,171.0,1
1748959827000000000,AAPL,XNAS,2,1,0.9953168630599976,100,100.0,1
1748959827000000000,AAPL,XNAS,2,-1,0.9969043731689453,100,200.0,1
1748959831000000000,AAPL,XNAS,1,1,0.9953697323799133,100,200.0,1
1748959831000000000,AAPL,XNAS,1,-1,0.9961634874343872,100,171.0,1
1748959831000000000,AAPL,XNAS,2,1,0.9953168630599976,100,100.0,1
1748959831000000000,AAPL,XNAS,2,-1,0.9963752031326294,100,31.0,1
1748959832000000000,AAPL,XNAS,1,1,0.994364321231842,99,100.0,1
1748959832000000000,AAPL,XNAS,1,-1,0.9961106181144714,100,100.0,1
1748959832000000000,AAPL,XNAS,2,1,0.9943113923072815,99,106.0,1
1748959832000000000,AAPL,XNAS,2,-1,0.9961634874343872,100,100.0,1
1748959833000000000,AAPL,XNAS,1,1,0.9940468072891235,99,200.0,1
1748959833000000000,AAPL,XNAS,1,-1,0.9961634874343872,100,100.0,1
1748959833000000000,AAPL,XNAS,2,1,0.9939939379692078,99,53.0,1
1748959833000000000,AAPL,XNAS,2,-1,0.9963752031326294,100,31.0,1
1748959834000000000,AAPL,XNAS,1,1,0.9940468072891235,99,100.0,1
1748959834000000000,AAPL,XNAS,1,-1,0.9961634874343872,100,100.0,1
1748959834000000000,AAPL,XNAS,2,1,0.9939939379692078,99,53.0,1
1748959834000000000,AAPL,XNAS,2,-1,0.9963752031326294,100,31.0,1
1748959835000000000,AAPL,XNAS,1,1,0.9939939379692078,99,53.0,1
1748959835000000000,AAPL,XNAS,1,-1,0.9960576891899109,100,71.0,1
1748959835000000000,AAPL,XNAS,2,1,0.9938880801200867,99,100.0,1
1748959835000000000,AAPL,XNAS,2,-1,0.9961634874343872,100,100.0,1
1748959837000000000,AAPL,XNAS,1,1,0.9941526651382446,99,200.0,1
1748959837000000000,AAPL,XNAS,1,-1,0.9960576891899109,100,71.0,1
1748959837000000000,AAPL,XNAS,2,1,0.9939939379692078,99,53.0,1
1748959837000000000,AAPL,XNAS,2,-1,0.9963752031326294,100,31.0,1
1748959838000000000,AAPL,XNAS,1,1,0.9942055940628052,99,100.0,1
1748959838000000000,AAPL,XNAS,1,-1,0.9958989024162292,100,71.0,1
1748959838000000000,AAPL,XNAS,2,1,0.9941526651382446,99,100.0,1
1748959838000000000,AAPL,XNAS,2,-1,0.9960047602653503,100,1.0,1
1748959839000000000,AAPL,XNAS,1,1,0.9942055940628052,99,100.0,1
1748959839000000000,AAPL,XNAS,1,-1,0.9959518313407898,100,100.0,1
1748959839000000000,AAPL,XNAS,2,1,0.9941526651382446,99,100.0,1
1748959839000000000,AAPL,XNAS,2,-1,0.9960047602653503,100,2.0,1
1748959840000000000,AAPL,XNAS,1,1,0.9942055940628052,99,100.0,1
1748959840000000000,AAPL,XNAS,1,-1,0.9960047602653503,100,1.0,1
1748959840000000000,AAPL,XNAS,2,1,0.9941526651382446,99,100.0,1
1748959840000000000,AAPL,XNAS,2,-1,0.9963752031326294,100,31.0,1
1748959841000000000,AAPL,XNAS,1,1,0.9942055940628052,99,100.0,1
1748959841000000000,AAPL,XNAS,1,-1,0.9960047602653503,100,73.0,1
1748959841000000000,AAPL,XNAS,2,1,0.9941526651382446,99,100.0,1
1748959841000000000,AAPL,XNAS,2,-1,0.9969043731689453,100,305.0,2
1748959842000000000,AAPL,XNAS,1,1,0.9942055940628052,99,100.0,1
1748959842000000000,AAPL,XNAS,1,-1,0.9960047602653503,100,2.0,1
1748959842000000000,AAPL,XNAS,2,1,0.9941526651382446,99,100.0,1
1748959842000000000,AAPL,XNAS,2,-1,0.9969043731689453,100,305.0,2
1748959844000000000,AAPL,XNAS,1,1,0.994364321231842,99,100.0,1
1748959844000000000,AAPL,XNAS,1,-1,0.9960047602653503,100,73.0,1
1748959844000000000,AAPL,XNAS,2,1,0.9943113923072815,99,100.0,1
1748959844000000000,AAPL,XNAS,2,-1,0.9963752031326294,100,25.0,1
1748959845000000000,AAPL,XNAS,1,1,0.994364321231842,99,200.0,1
1748959845000000000,AAPL,XNAS,1,-1,0.9960047602653503,100,1.0,1
1748959845000000000,AAPL,XNAS,2,1,0.9943113923072815,99,100.0,1
1748959845000000000,AAPL,XNAS,2,-1,0.9963752031326294,100,25.0,1
1748959846000000000,AAPL,XNAS,1,1,0.9943113923072815,99,100.0,1
1748959846000000000,AAPL,XNAS,1,-1,0.9960576891899109,100,71.0,1
1748959846000000000,AAPL,XNAS,2,1,0.9942585229873657,99,100.0,1
1748959846000000000,AAPL,XNAS,2,-1,0.9961634874343872,100,101.0,1
1748959847000000000,AAPL,XNAS,1,1,0.9944172501564026,99,100.0,1
1748959847000000000,AAPL,XNAS,1,-1,0.9960047602653503,100,72.0,1
1748959847000000000,AAPL,XNAS,2,1,0.994364321231842,99,200.0,1
1748959847000000000,AAPL,XNAS,2,-1,0.9961634874343872,100,100.0,1
1748959848000000000,AAPL,XNAS,1,1,0.9944172501564026,99,100.0,1
1748959848000000000,AAPL,XNAS,1,-1,0.9961106181144714,100,1.0,1
1748959848000000000,AAPL,XNAS,2,1,0.994364321231842,99,100.0,1
1748959848000000000,AAPL,XNAS,2,-1,0.9961634874343872,100,200.0,1
1748959849000000000,AAPL,XNAS,1,1,0.9944172501564026,99,100.0,1
1748959849000000000,AAPL,XNAS,1,-1,0.9960576891899109,100,1.0,1
1748959849000000000,AAPL,XNAS,2,1,0.9943113923072815,99,100.0,1
1748959849000000000,AAPL,XNAS,2,-1,0.9961634874343872,100,200.0,1
1748959850000000000,AAPL,XNAS,1,1,0.9944172501564026,99,100.0,1
1748959850000000000,AAPL,XNAS,1,-1,0.9960047602653503,100,72.0,1
1748959850000000000,AAPL,XNAS,2,1,0.9942585229873657,99,100.0,1
1748959850000000000,AAPL,XNAS,2,-1,0.9961634874343872,100,100.0,1
1748959851000000000,AAPL,XNAS,1,1,0.9944172501564026,99,100.0,1
1748959851000000000,AAPL,XNAS,1,-1,0.9952110052108765,100,172.0,1
1748959851000000000,AAPL,XNAS,2,1,0.9942585229873657,99,100.0,1
1748959851000000000,AAPL,XNAS,2,-1,0.9960047602653503,100,32.0,1
1748959852000000000,AAPL,XNAS,1,1,0.9944172501564026,99,200.0,1
1748959852000000000,AAPL,XNAS,1,-1,0.9952110052108765,100,172.0,1
1748959852000000000,AAPL,XNAS,2,1,0.9938880801200867,99,100.0,1
1748959852000000000,AAPL,XNAS,2,-1,0.9960047602653503,100,32.0,1
1748959853000000000,AAPL,XNAS,1,1,0.9944172501564026,99,200.0,1
1748959853000000000,AAPL,XNAS,1,-1,0.9952110052108765,100,172.0,1
1748959853000000000,AAPL,XNAS,2,1,0.9938880801200867,99,100.0,1
1748959853000000000,AAPL,XNAS,2,-1,0.9960047602653503,100,132.0,1
1748959856000000000,AAPL,XNAS,1,1,0.9944172501564026,99,200.0,1
1748959856000000000,AAPL,XNAS,1,-1,0.9952110052108765,100,277.0,2
1748959856000000000,AAPL,XNAS,2,1,0.9938880801200867,99,100.0,1
1748959856000000000,AAPL,XNAS,2,-1,0.9960047602653503,100,132.0,1
1748959857000000000,AAPL,XNAS,1,1,0.9944172501564026,99,200.0,1
1748959857000000000,AAPL,XNAS,1,-1,0.9951580762863159,100,85.0,1
1748959857000000000,AAPL,XNAS,2,1,0.9938880801200867,99,100.0,1
1748959857000000000,AAPL,XNAS,2,-1,0.9952110052108765,100,206.0,1
1748959858000000000,AAPL,XNAS,1,1,0.9944172501564026,99,200.0,1
1748959858000000000,AAPL,XNAS,1,-1,0.9951580762863159,100,114.0,1
1748959858000000000,AAPL,XNAS,2,1,0.9938880801200867,99,100.0,1
1748959858000000000,AAPL,XNAS,2,-1,0.9952110052108765,100,101.0,1
1748959859000000000,AAPL,XNAS,1,1,0.9944172501564026,99,200.0,1
1748959859000000000,AAPL,XNAS,1,-1,0.9951580762863159,100,114.0,1
1748959859000000000,AAPL,XNAS,2,1,0.9938880801200867,99,100.0,1
1748959859000000000,AAPL,XNAS,2,-1,0.9952110052108765,100,100.0,1
1748959866000000000,AAPL,XNAS,1,1,0.9944172501564026,99,200.0,1
1748959866000000000,AAPL,XNAS,1,-1,0.9951051473617554,100,171.0,1
1748959866000000000,AAPL,XNAS,2,1,0.9938880801200867,99,100.0,1
1748959866000000000,AAPL,XNAS,2,-1,0.9951580762863159,100,114.0,1
1748959869000000000,AAPL,XNAS,1,1,0.9944172501564026,99,180.0,1
1748959869000000000,AAPL,XNAS,1,-1,0.9951051473617554,100,276.0,2
1748959869000000000,AAPL,XNAS,2,1,0.9938880801200867,99,100.0,1
1748959869000000000,AAPL,XNAS,2,-1,0.9951580762863159,100,114.0,1
1748959871000000000,AAPL,XNAS,1,1,0.9944172501564026,99,174.0,1
1748959871000000000,AAPL,XNAS,1,-1,0.9951051473617554,100,276.0,2
1748959871000000000,AAPL,XNAS,2,1,0.9938880801200867,99,100.0,1
1748959871000000000,AAPL,XNAS,2,-1,0.9951580762863159,100,114.0,1
1748959872000000000,AAPL,XNAS,1,1,0.9944172501564026,99,164.0,1
1748959872000000000,AAPL,XNAS,1,-1,0.9951051473617554,100,276.0,2
1748959872000000000,AAPL,XNAS,2,1,0.9938880801200867,99,100.0,1
1748959872000000000,AAPL,XNAS,2,-1,0.9951580762863159,100,114.0,1
1748959873000000000,AAPL,XNAS,1,1,0.9944172501564026,99,164.0,1
1748959873000000000,AAPL,XNAS,1,-1,0.9951051473617554,100,176.0,1
1748959873000000000,AAPL,XNAS,2,1,0.9938880801200867,99,100.0,1
1748959873000000000,AAPL,XNAS,2,-1,0.9951580762863159,100,114.0,1
1748959875000000000,AAPL,XNAS,1,1,0.9944701790809631,99,100.0,1
1748959875000000000,AAPL,XNAS,1,-1,0.9951051473617554,100,100.0,1
1748959875000000000,AAPL,XNAS,2,1,0.9944172501564026,99,264.0,2
1748959875000000000,AAPL,XNAS,2,-1,0.9951580762863159,100,114.0,1
1748959876000000000,AAPL,XNAS,1,1,0.99462890625,99,100.0,1
1748959876000000000,AAPL,XNAS,1,-1,0.9959518313407898,100,100.0,1
1748959876000000000,AAPL,XNAS,2,1,0.9945759773254395,99,10.0,1
1748959876000000000,AAPL,XNAS,2,-1,0.9960047602653503,100,100.0,1
1748959878000000000,AAPL,XNAS,1,1,0.99462890625,99,100.0,1
1748959878000000000,AAPL,XNAS,1,-1,0.9959518313407898,100,100.0,1
1748959878000000000,AAPL,XNAS,2,1,0.9945759773254395,99,10.0,1
1748959878000000000,AAPL,XNAS,2,-1,0.9960047602653503,100,100.0,1
1748959879000000000,AAPL,XNAS,1,1,0.99462890625,99,100.0,1
1748959879000000000,AAPL,XNAS,1,-1,0.9960047602653503,100,100.0,1
1748959879000000000,AAPL,XNAS,2,1,0.9945759773254395,99,10.0,1
1748959879000000000,AAPL,XNAS,2,-1,0.9960576891899109,100,1.0,1
1748959880000000000,AAPL,XNAS,1,1,0.9946818351745605,99,100.0,1
1748959880000000000,AAPL,XNAS,1,-1,0.9958989024162292,100,6.0,1
1748959880000000000,AAPL,XNAS,2,1,0.99462890625,99,100.0,1
1748959880000000000,AAPL,XNAS,2,-1,0.9960576891899109,100,1.0,1
1748959881000000000,AAPL,XNAS,1,1,0.99462890625,99,100.0,1
1748959881000000000,AAPL,XNAS,1,-1,0.9958989024162292,100,6.0,1
1748959881000000000,AAPL,XNAS,2,1,0.9945759773254395,99,10.0,1
1748959881000000000,AAPL,XNAS,2,-1,0.9960576891899109,100,1.0,1
1748959883000000000,AAPL,XNAS,1,1,0.99462890625,99,100.0,1
1748959883000000000,AAPL,XNAS,1,-1,0.9958989024162292,100,9.0,1
1748959883000000000,AAPL,XNAS,2,1,0.9945759773254395,99,10.0,1
1748959883000000000,AAPL,XNAS,2,-1,0.9960576891899109,100,1.0,1
1748959884000000000,AAPL,XNAS,1,1,0.9946818351745605,99,100.0,1
1748959884000000000,AAPL,XNAS,1,-1,0.9958989024162292,100,1.0,1
1748959884000000000,AAPL,XNAS,2,1,0.99462890625,99,100.0,1
1748959884000000000,AAPL,XNAS,2,-1,0.9960576891899109,100,1.0,1
1748959885000000000,AAPL,XNAS,1,1,0.9947876930236816,99,100.0,1
1748959885000000000,AAPL,XNAS,1,-1,0.9960047602653503,100,2.0,1
1748959885000000000,AAPL,XNAS,2,1,0.9947347640991211,99,103.0,1
1748959885000000000,AAPL,XNAS,2,-1,0.9960576891899109,100,6.0,1
1748959886000000000,AAPL,XNAS,1,1,0.9948405623435974,99,100.0,1
1748959886000000000,AAPL,XNAS,1,-1,0.9962164163589478,100,71.0,1
1748959886000000000,AAPL,XNAS,2,1,0.9947876930236816,99,300.0,2
1748959886000000000,AAPL,XNAS,2,-1,0.9962693452835083,100,1.0,1
1748959887000000000,AAPL,XNAS,1,1,0.9954755902290344,100,3.0,1
1748959887000000000,AAPL,XNAS,1,-1,0.9961634874343872,100,100.0,1
1748959887000000000,AAPL,XNAS,2,1,0.9948405623435974,99,101.0,1
1748959887000000000,AAPL,XNAS,2,-1,0.9962164163589478,100,71.0,1
1748959888000000000,AAPL,XNAS,1,1,0.994893491268158,99,100.0,1
1748959888000000000,AAPL,XNAS,1,-1,0.9961634874343872,100,100.0,1
1748959888000000000,AAPL,XNAS,2,1,0.9948405623435974,99,100.0,1
1748959888000000000,AAPL,XNAS,2,-1,0.9962164163589478,100,71.0,1
1748959889000000000,AAPL,XNAS,1,1,0.994893491268158,99,100.0,1
1748959889000000000,AAPL,XNAS,1,-1,0.9961634874343872,100,100.0,1
1748959889000000000,AAPL,XNAS,2,1,0.9948405623435974,99,100.0,1
1748959889000000000,AAPL,XNAS,2,-1,0.9962164163589478,100,71.0,1
1748959890000000000,AAPL,XNAS,1,1,0.994893491268158,99,100.0,1
1748959890000000000,AAPL,XNAS,1,-1,0.9961634874343872,100,100.0,1
1748959890000000000,AAPL,XNAS,2,1,0.9947876930236816,99,10.0,1
1748959890000000000,AAPL,XNAS,2,-1,0.9962164163589478,100,71.0,1
1748959891000000000,AAPL,XNAS,1,1,0.994893491268158,99,100.0,1
1748959891000000000,AAPL,XNAS,1,-1,0.9961634874343872,100,105.0,1
1748959891000000000,AAPL,XNAS,2,1,0.9947876930236816,99,10.0,1
1748959891000000000,AAPL,XNAS,2,-1,0.9962164163589478,100,71.0,1
1748959892000000000,AAPL,XNAS,1,1,0.9949464201927185,99,100.0,1
1748959892000000000,AAPL,XNAS,1,-1,0.9961634874343872,100,176.0,1
1748959892000000000,AAPL,XNAS,2,1,0.994893491268158,99,100.0,1
1748959892000000000,AAPL,XNAS,2,-1,0.9962164163589478,100,71.0,1
1748959895000000000,AAPL,XNAS,1,1,0.9949464201927185,99,100.0,1
1748959895000000000,AAPL,XNAS,1,-1,0.9961634874343872,100,188.0,1
1748959895000000000,AAPL,XNAS,2,1,0.994893491268158,99,100.0,1
1748959895000000000,AAPL,XNAS,2,-1,0.9962164163589478,100,71.0,1
1748959896000000000,AAPL,XNAS,1,1,0.9949464201927185,99,100.0,1
1748959896000000000,AAPL,XNAS,1,-1,0.9961634874343872,100,117.0,1
1748959896000000000,AAPL,XNAS,2,1,0.994893491268158,99,100.0,1
1748959896000000000,AAPL,XNAS,2,-1,0.9962164163589478,100,71.0,1
1748959898000000000,AAPL,XNAS,1,1,0.9949464201927185,99,100.0,1
1748959898000000000,AAPL,XNAS,1,-1,0.9961634874343872,100,188.0,1
1748959898000000000,AAPL,XNAS,2,1,0.994893491268158,99,100.0,1
1748959898000000000,AAPL,XNAS,2,-1,0.9962164163589478,100,71.0,1
1748959899000000000,AAPL,XNAS,1,1,0.994999349117279,99,10.0,1
1748959899000000000,AAPL,XNAS,1,-1,0.9961106181144714,100,171.0,1
1748959899000000000,AAPL,XNAS,2,1,0.9949464201927185,99,100.0,1
1748959899000000000,AAPL,XNAS,2,-1,0.9961634874343872,100,12.0,1
1748959901000000000,AAPL,XNAS,1,1,0.994999349117279,99,10.0,1
1748959901000000000,AAPL,XNAS,1,-1,0.9961106181144714,100,303.0,2
1748959901000000000,AAPL,XNAS,2,1,0.9949464201927185,99,100.0,1
1748959901000000000,AAPL,XNAS,2,-1,0.9961634874343872,100,12.0,1
1748959902000000000,AAPL,XNAS,1,1,0.994999349117279,99,10.0,1
1748959902000000000,AAPL,XNAS,1,-1,0.9961106181144714,100,309.0,2
1748959902000000000,AAPL,XNAS,2,1,0.9949464201927185,99,100.0,1
1748959902000000000,AAPL,XNAS,2,-1,0.9961634874343872,100,12.0,1
1748959903000000000,AAPL,XNAS,1,1,0.994999349117279,99,10.0,1
1748959903000000000,AAPL,XNAS,1,-1,0.9961106181144714,100,237.0,1
1748959903000000000,AAPL,XNAS,2,1,0.9949464201927185,99,100.0,1
1748959903000000000,AAPL,XNAS,2,-1,0.9961634874343872,100,12.0,1
1748959905000000000,AAPL,XNAS,1,1,0.994999349117279,99,9.0,1
1748959905000000000,AAPL,XNAS,1,-1,0.9960047602653503,100,100.0,1
1748959905000000000,AAPL,XNAS,2,1,0.9949464201927185,99,200.0,1
1748959905000000000,AAPL,XNAS,2,-1,0.9960576891899109,100,100.0,1
1748959906000000000,AAPL,XNAS,1,1,0.9949464201927185,99,200.0,1
1748959906000000000,AAPL,XNAS,1,-1,0.9959518313407898,100,171.0,1
1748959906000000000,AAPL,XNAS,2,1,0.994893491268158,99,100.0,1
1748959906000000000,AAPL,XNAS,2,-1,0.9960047602653503,100,100.0,1
1748959907000000000,AAPL,XNAS,1,1,0.9949464201927185,99,200.0,1
1748959907000000000,AAPL,XNAS,1,-1,0.9959518313407898,100,271.0,2
1748959907000000000,AAPL,XNAS,2,1,0.994893491268158,99,100.0,1
1748959907000000000,AAPL,XNAS,2,-1,0.9961106181144714,100,32.0,1
1748959908000000000,AAPL,XNAS,1,1,0.9949464201927185,99,66.0,1
1748959908000000000,AAPL,XNAS,1,-1,0.9959518313407898,100,325.0,2
1748959908000000000,AAPL,XNAS,2,1,0.994893491268158,99,100.0,1
1748959908000000000,AAPL,XNAS,2,-1,0.9961106181144714,100,132.0,1
1748959909000000000,AAPL,XNAS,1,1,0.9949464201927185,99,66.0,1
1748959909000000000,AAPL,XNAS,1,-1,0.9959518313407898,100,261.0,2
1748959909000000000,AAPL,XNAS,2,1,0.994893491268158,99,100.0,1
1748959909000000000,AAPL,XNAS,2,-1,0.9961634874343872,100,12.0,1
1748959910000000000,AAPL,XNAS,1,1,0.9949464201927185,99,66.0,1
1748959910000000000,AAPL,XNAS,1,-1,0.9958989024162292,100,100.0,1
1748959910000000000,AAPL,XNAS,2,1,0.994893491268158,99,200.0,1
1748959910000000000,AAPL,XNAS,2,-1,0.9959518313407898,100,1.0,1
1748959911000000000,AAPL,XNAS,1,1,0.994999349117279,99,100.0,1
1748959911000000000,AAPL,XNAS,1,-1,0.9959518313407898,100,1.0,1
1748959911000000000,AAPL,XNAS,2,1,0.9949464201927185,99,66.0,1
1748959911000000000,AAPL,XNAS,2,-1,0.9961634874343872,100,17.0,1
1748959912000000000,AAPL,XNAS,1,1,0.9949464201927185,99,200.0,1
1748959912000000000,AAPL,XNAS,1,-1,0.9959518313407898,100,1.0,1
1748959912000000000,AAPL,XNAS,2,1,0.994893491268158,99,300.0,2
1748959912000000000,AAPL,XNAS,2,-1,0.9961634874343872,100,12.0,1
1748959913000000000,AAPL,XNAS,1,1,0.9949464201927185,99,300.0,2
1748959913000000000,AAPL,XNAS,1,-1,0.9961634874343872,100,12.0,1
1748959913000000000,AAPL,XNAS,2,1,0.994893491268158,99,200.0,1
1748959913000000000,AAPL,XNAS,2,-1,0.9962164163589478,100,176.0,1
1748959914000000000,AAPL,XNAS,1,1,0.9950522780418396,100,100.0,1
1748959914000000000,AAPL,XNAS,1,-1,0.9961634874343872,100,12.0,1
1748959914000000000,AAPL,XNAS,2,1,0.994999349117279,99,166.0,1
1748959914000000000,AAPL,XNAS,2,-1,0.9962164163589478,100,176.0,1
1748959915000000000,AAPL,XNAS,1,1,0.9950522780418396,100,100.0,1
1748959915000000000,AAPL,XNAS,1,-1,0.9961634874343872,100,83.0,1
1748959915000000000,AAPL,XNAS,2,1,0.994999349117279,99,166.0,1
1748959915000000000,AAPL,XNAS,2,-1,0.9962164163589478,100,177.0,1
1748959916000000000,AAPL,XNAS,1,1,0.9951580762863159,100,100.0,1
1748959916000000000,AAPL,XNAS,1,-1,0.9961634874343872,100,83.0,1
1748959916000000000,AAPL,XNAS,2,1,0.9951051473617554,100,100.0,1
1748959916000000000,AAPL,XNAS,2,-1,0.9962164163589478,100,176.0,1
1748959917000000000,AAPL,XNAS,1,1,0.9951580762863159,100,300.0,2
1748959917000000000,AAPL,XNAS,1,-1,0.9961634874343872,100,188.0,1
1748959917000000000,AAPL,XNAS,2,1,0.9950522780418396,100,100.0,1
1748959917000000000,AAPL,XNAS,2,-1,0.9962164163589478,100,171.0,1
1748959918000000000,AAPL,XNAS,1,1,0.9951580762863159,100,300.0,2
1748959918000000000,AAPL,XNAS,1,-1,0.9961634874343872,100,166.0,1
1748959918000000000,AAPL,XNAS,2,1,0.9950522780418396,100,100.0,1
1748959918000000000,AAPL,XNAS,2,-1,0.9962164163589478,100,171.0,1
1748959920000000000,AAPL,XNAS,1,1,0.995263934135437,100,100.0,1
1748959920000000000,AAPL,XNAS,1,-1,0.9961634874343872,100,137.0,1
1748959920000000000,AAPL,XNAS,2,1,0.9952110052108765,100,100.0,1
1748959920000000000,AAPL,XNAS,2,-1,0.9962164163589478,100,171.0,1
1748959921000000000,AAPL,XNAS,1,1,0.9953697323799133,100,100.0,1
1748959921000000000,AAPL,XNAS,1,-1,0.9961634874343872,100,137.0,1
1748959921000000000,AAPL,XNAS,2,1,0.9953168630599976,100,100.0,1
1748959921000000000,AAPL,XNAS,2,-1,0.9962164163589478,100,171.0,1
1748959922000000000,AAPL,XNAS,1,1,0.994893491268158,99,100.0,1
1748959922000000000,AAPL,XNAS,1,-1,0.9961634874343872,100,166.0,1
1748959922000000000,AAPL,XNAS,2,1,0.9942055940628052,99,206.0,1
1748959922000000000,AAPL,XNAS,2,-1,0.9962164163589478,100,171.0,1
1748959923000000000,AAPL,XNAS,1,1,0.994893491268158,99,100.0,1
1748959923000000000,AAPL,XNAS,1,-1,0.9960047602653503,100,171.0,1
1748959923000000000,AAPL,XNAS,2,1,0.9942055940628052,99,100.0,1
1748959923000000000,AAPL,XNAS,2,-1,0.9960576891899109,100,100.0,1
1748959924000000000,AAPL,XNAS,1,1,0.994893491268158,99,100.0,1
1748959924000000000,AAPL,XNAS,1,-1,0.9960047602653503,100,171.0,1
1748959924000000000,AAPL,XNAS,2,1,0.9942055940628052,99,100.0,1
1748959924000000000,AAPL,XNAS,2,-1,0.9961634874343872,100,62.0,1
1748959925000000000,AAPL,XNAS,1,1,0.9949464201927185,99,66.0,1
1748959925000000000,AAPL,XNAS,1,-1,0.9961106181144714,100,100.0,1
1748959925000000000,AAPL,XNAS,2,1,0.994893491268158,99,200.0,1
1748959925000000000,AAPL,XNAS,2,-1,0.9961634874343872,100,62.0,1
1748959926000000000,AAPL,XNAS,1,1,0.9949464201927185,99,66.0,1
1748959926000000000,AAPL,XNAS,1,-1,0.9959518313407898,100,71.0,1
1748959926000000000,AAPL,XNAS,2,1,0.994893491268158,99,200.0,1
1748959926000000000,AAPL,XNAS,2,-1,0.9961634874343872,100,62.0,1
1748959927000000000,AAPL,XNAS,1,1,0.9949464201927185,99,66.0,1
1748959927000000000,AAPL,XNAS,1,-1,0.9959518313407898,100,72.0,1
1748959927000000000,AAPL,XNAS,2,1,0.994893491268158,99,200.0,1
1748959927000000000,AAPL,XNAS,2,-1,0.9961634874343872,100,62.0,1
1748959928000000000,AAPL,XNAS,1,1,0.9949464201927185,99,66.0,1
1748959928000000000,AAPL,XNAS,1,-1,0.9959518313407898,100,76.0,1
1748959928000000000,AAPL,XNAS,2,1,0.994893491268158,99,200.0,1
1748959928000000000,AAPL,XNAS,2,-1,0.9961634874343872,100,162.0,1
1748959930000000000,AAPL,XNAS,1,1,0.9949464201927185,99,66.0,1
1748959930000000000,AAPL,XNAS,1,-1,0.9959518313407898,100,76.0,1
1748959930000000000,AAPL,XNAS,2,1,0.994893491268158,99,201.0,1
1748959930000000000,AAPL,XNAS,2,-1,0.9961634874343872,100,113.0,1
1748959934000000000,AAPL,XNAS,1,1,0.9949464201927185,99,68.0,1
1748959934000000000,AAPL,XNAS,1,-1,0.9961106181144714,100,200.0,1
1748959934000000000,AAPL,XNAS,2,1,0.994893491268158,99,201.0,1
1748959934000000000,AAPL,XNAS,2,-1,0.9961634874343872,100,113.0,1
1748959935000000000,AAPL,XNAS,1,1,0.9949464201927185,99,68.0,1
1748959935000000000,AAPL,XNAS,1,-1,0.9959518313407898,100,77.0,1
1748959935000000000,AAPL,XNAS,2,1,0.994893491268158,99,201.0,1
1748959935000000000,AAPL,XNAS,2,-1,0.9961106181144714,100,100.0,1
1748959936000000000,AAPL,XNAS,1,1,0.9949464201927185,99,68.0,1
1748959936000000000,AAPL,XNAS,1,-1,0.9959518313407898,100,77.0,1
1748959936000000000,AAPL,XNAS,2,1,0.994893491268158,99,201.0,1
1748959936000000000,AAPL,XNAS,2,-1,0.9961106181144714,100,200.0,1
1748959937000000000,AAPL,XNAS,1,1,0.9933059811592102,99,500.0,4
1748959937000000000,AAPL,XNAS,1,-1,0.9954226613044739,100,71.0,1
1748959937000000000,AAPL,XNAS,2,1,0.9932530522346497,99,200.0,1
1748959937000000000,AAPL,XNAS,2,-1,0.9959518313407898,100,101.0,1
1748959938000000000,AAPL,XNAS,1,1,0.9933059811592102,99,400.0,3
1748959938000000000,AAPL,XNAS,1,-1,0.9954226613044739,100,72.0,1
1748959938000000000,AAPL,XNAS,2,1,0.9932530522346497,99,200.0,1
1748959938000000000,AAPL,XNAS,2,-1,0.9959518313407898,100,101.0,1
1748959939000000000,AAPL,XNAS,1,1,0.9933059811592102,99,400.0,3
1748959939000000000,AAPL,XNAS,1,-1,0.9954226613044739,100,72.0,1
1748959939000000000,AAPL,XNAS,2,1,0.9932530522346497,99,200.0,1
1748959939000000000,AAPL,XNAS,2,-1,0.9959518313407898,100,100.0,1
1748959940000000000,AAPL,XNAS,1,1,0.9933059811592102,99,300.0,2
1748959940000000000,AAPL,XNAS,1,-1,0.9953697323799133,100,100.0,1
1748959940000000000,AAPL,XNAS,2,1,0.992671012878418,99,100.0,1
1748959940000000000,AAPL,XNAS,2,-1,0.9954226613044739,100,1.0,1
1748959941000000000,AAPL,XNAS,1,1,0.9933059811592102,99,300.0,2
1748959941000000000,AAPL,XNAS,1,-1,0.9953168630599976,100,71.0,1
1748959941000000000,AAPL,XNAS,2,1,0.992671012878418,99,100.0,1
1748959941000000000,AAPL,XNAS,2,-1,0.9959518313407898,100,100.0,1
1748959942000000000,AAPL,XNAS,1,1,0.9933059811592102,99,300.0,2
1748959942000000000,AAPL,XNAS,1,-1,0.9953168630599976,100,71.0,1
1748959942000000000,AAPL,XNAS,2,1,0.9926180839538574,99,200.0,1
1748959942000000000,AAPL,XNAS,2,-1,0.9959518313407898,100,100.0,1
1748959943000000000,AAPL,XNAS,1,1,0.9942055940628052,99,3.0,1
1748959943000000000,AAPL,XNAS,1,-1,0.9953168630599976,100,76.0,1
1748959943000000000,AAPL,XNAS,2,1,0.9933059811592102,99,302.0,2
1748959943000000000,AAPL,XNAS,2,-1,0.9959518313407898,100,100.0,1
1748959944000000000,AAPL,XNAS,1,1,0.9933059811592102,99,2.0,1
1748959944000000000,AAPL,XNAS,1,-1,0.9947347640991211,99,71.0,1
1748959944000000000,AAPL,XNAS,2,1,0.9920889139175415,99,100.0,1
1748959944000000000,AAPL,XNAS,2,-1,0.9950522780418396,100,100.0,1
1748959945000000000,AAPL,XNAS,1,1,0.9933589100837708,99,200.0,1
1748959945000000000,AAPL,XNAS,1,-1,0.9947347640991211,99,71.0,1
1748959945000000000,AAPL,XNAS,2,1,0.9933059811592102,99,2.0,1
1748959945000000000,AAPL,XNAS,2,-1,0.995528519153595,100,100.0,1
1748959946000000000,AAPL,XNAS,1,1,0.9933589100837708,99,100.0,1
1748959946000000000,AAPL,XNAS,1,-1,0.9947347640991211,99,71.0,1
1748959946000000000,AAPL,XNAS,2,1,0.9933059811592102,99,2.0,1
1748959946000000000,AAPL,XNAS,2,-1,0.995528519153595,100,100.0,1
1748959947000000000,AAPL,XNAS,1,1,0.9933589100837708,99,100.0,1
1748959947000000000,AAPL,XNAS,1,-1,0.9947347640991211,99,76.0,1
1748959947000000000,AAPL,XNAS,2,1,0.9933059811592102,99,2.0,1
1748959947000000000,AAPL,XNAS,2,-1,0.995528519153595,100,100.0,1
1748959948000000000,AAPL,XNAS,1,1,0.9933589100837708,99,100.0,1
1748959948000000000,AAPL,XNAS,1,-1,0.9947347640991211,99,71.0,1
1748959948000000000,AAPL,XNAS,2,1,0.9933059811592102,99,2.0,1
1748959948000000000,AAPL,XNAS,2,-1,0.995528519153595,100,100.0,1
1748959949000000000,AAPL,XNAS,1,1,0.9933589100837708,99,100.0,1
1748959949000000000,AAPL,XNAS,1,-1,0.9954755902290344,100,100.0,1
1748959949000000000,AAPL,XNAS,2,1,0.9933059811592102,99,2.0,1
1748959949000000000,AAPL,XNAS,2,-1,0.995528519153595,100,100.0,1
1748959950000000000,AAPL,XNAS,1,1,0.9933059811592102,99,2.0,1
1748959950000000000,AAPL,XNAS,1,-1,0.9946818351745605,99,1.0,1
1748959950000000000,AAPL,XNAS,2,1,0.9920889139175415,99,100.0,1
1748959950000000000,AAPL,XNAS,2,-1,0.995263934135437,100,200.0,1
1748959951000000000,AAPL,XNAS,1,1,0.9933059811592102,99,2.0,1
1748959951000000000,AAPL,XNAS,1,-1,0.9952110052108765,100,100.0,1
1748959951000000000,AAPL,XNAS,2,1,0.9920889139175415,99,100.0,1
1748959951000000000,AAPL,XNAS,2,-1,0.995263934135437,100,200.0,1
1748959952000000000,AAPL,XNAS,1,1,0.9933059811592102,99,2.0,1
1748959952000000000,AAPL,XNAS,1,-1,0.9946818351745605,99,1.0,1
1748959952000000000,AAPL,XNAS,2,1,0.9920889139175415,99,100.0,1
1748959952000000000,AAPL,XNAS,2,-1,0.995263934135437,100,200.0,1
1748959953000000000,AAPL,XNAS,1,1,0.9933589100837708,99,100.0,1
1748959953000000000,AAPL,XNAS,1,-1,0.9946818351745605,99,71.0,1
1748959953000000000,AAPL,XNAS,2,1,0.9933059811592102,99,2.0,1
1748959953000000000,AAPL,XNAS,2,-1,0.995528519153595,100,105.0,1
1748959954000000000,AAPL,XNAS,1,1,0.9933059811592102,99,2.0,1
1748959954000000000,AAPL,XNAS,1,-1,0.9946818351745605,99,71.0,1
1748959954000000000,AAPL,XNAS,2,1,0.9932530522346497,99,100.0,1
1748959954000000000,AAPL,XNAS,2,-1,0.995528519153595,100,100.0,1
1748959955000000000,AAPL,XNAS,1,1,0.9933589100837708,99,100.0,1
1748959955000000000,AAPL,XNAS,1,-1,0.9946818351745605,99,71.0,1
1748959955000000000,AAPL,XNAS,2,1,0.9933059811592102,99,2.0,1
1748959955000000000,AAPL,XNAS,2,-1,0.995528519153595,100,105.0,1
1748959958000000000,AAPL,XNAS,1,1,0.9933589100837708,99,100.0,1
1748959958000000000,AAPL,XNAS,1,-1,0.9946818351745605,99,71.0,1
1748959958000000000,AAPL,XNAS,2,1,0.9933059811592102,99,3.0,1
1748959958000000000,AAPL,XNAS,2,-1,0.995528519153595,100,105.0,1
1748959964000000000,AAPL,XNAS,1,1,0.9933589100837708,99,100.0,1
1748959964000000000,AAPL,XNAS,1,-1,0.9946818351745605,99,71.0,1
1748959964000000000,AAPL,XNAS,2,1,0.9933059811592102,99,3.0,1
1748959964000000000,AAPL,XNAS,2,-1,0.995528519153595,100,100.0,1
1748959965000000000,AAPL,XNAS,1,1,0.9933589100837708,99,100.0,1
1748959965000000000,AAPL,XNAS,1,-1,0.9946818351745605,99,71.0,1
1748959965000000000,AAPL,XNAS,2,1,0.9933059811592102,99,3.0,1
1748959965000000000,AAPL,XNAS,2,-1,0.9954755902290344,100,100.0,1
1748959966000000000,AAPL,XNAS,1,1,0.9933059811592102,99,2.0,1
1748959966000000000,AAPL,XNAS,1,-1,0.99462890625,99,100.0,1
1748959966000000000,AAPL,XNAS,2,1,0.9932530522346497,99,100.0,1
1748959966000000000,AAPL,XNAS,2,-1,0.9946818351745605,99,1.0,1
1748959967000000000,AAPL,XNAS,1,1,0.9933059811592102,99,2.0,1
1748959967000000000,AAPL,XNAS,1,-1,0.99462890625,99,71.0,1
1748959967000000000,AAPL,XNAS,2,1,0.9932530522346497,99,100.0,1
1748959967000000000,AAPL,XNAS,2,-1,0.994999349117279,99,10.0,1
1748959968000000000,AAPL,XNAS,1,1,0.9933589100837708,99,100.0,1
1748959968000000000,AAPL,XNAS,1,-1,0.99462890625,99,71.0,1
1748959968000000000,AAPL,XNAS,2,1,0.9933059811592102,99,2.0,1
1748959968000000000,AAPL,XNAS,2,-1,0.9946818351745605,99,1.0,1
1748959969000000000,AAPL,XNAS,1,1,0.9933059811592102,99,2.0,1
1748959969000000000,AAPL,XNAS,1,-1,0.99462890625,99,76.0,1
1748959969000000000,AAPL,XNAS,2,1,0.9932530522346497,99,100.0,1
1748959969000000000,AAPL,XNAS,2,-1,0.9946818351745605,99,1.0,1
1748959971000000000,AAPL,XNAS,1,1,0.9933059811592102,99,2.0,1
1748959971000000000,AAPL,XNAS,1,-1,0.99462890625,99,76.0,1
1748959971000000000,AAPL,XNAS,2,1,0.9932530522346497,99,100.0,1
1748959971000000000,AAPL,XNAS,2,-1,0.994999349117279,99,10.0,1
1748959973000000000,AAPL,XNAS,1,1,0.9933059811592102,99,2.0,1
1748959973000000000,AAPL,XNAS,1,-1,0.9949464201927185,99,100.0,1
1748959973000000000,AAPL,XNAS,2,1,0.9932530522346497,99,100.0,1
1748959973000000000,AAPL,XNAS,2,-1,0.994999349117279,99,10.0,1
1748959974000000000,AAPL,XNAS,1,1,0.9933059811592102,99,2.0,1
1748959974000000000,AAPL,XNAS,1,-1,0.9949464201927185,99,100.0,1
1748959974000000000,AAPL,XNAS,2,1,0.9932530522346497,99,100.0,1
1748959974000000000,AAPL,XNAS,2,-1,0.994999349117279,99,10.0,1
1748959975000000000,AAPL,XNAS,1,1,0.9933059811592102,99,2.0,1
1748959975000000000,AAPL,XNAS,1,-1,0.99462890625,99,76.0,1
1748959975000000000,AAPL,XNAS,2,1,0.9932530522346497,99,100.0,1
1748959975000000000,AAPL,XNAS,2,-1,0.994999349117279,99,10.0,1
1748959977000000000,AAPL,XNAS,1,1,0.9932530522346497,99,100.0,1
1748959977000000000,AAPL,XNAS,1,-1,0.994893491268158,99,100.0,1
1748959977000000000,AAPL,XNAS,2,1,0.9928826689720154,99,100.0,1
1748959977000000000,AAPL,XNAS,2,-1,0.9949464201927185,99,1.0,1
1748959978000000000,AAPL,XNAS,1,1,0.9932530522346497,99,100.0,1
1748959978000000000,AAPL,XNAS,1,-1,0.9938880801200867,99,71.0,1
1748959978000000000,AAPL,XNAS,2,1,0.9928826689720154,99,100.0,1
1748959978000000000,AAPL,XNAS,2,-1,0.9949464201927185,99,1.0,1
1748959980000000000,AAPL,XNAS,1,1,0.9921947121620178,99,300.0,2
1748959980000000000,AAPL,XNAS,1,-1,0.994893491268158,99,100.0,1
1748959980000000000,AAPL,XNAS,2,1,0.992141842842102,99,112.0,1
1748959980000000000,AAPL,XNAS,2,-1,0.9949464201927185,99,101.0,1
1748959981000000000,AAPL,XNAS,1,1,0.9921947121620178,99,200.0,1
1748959981000000000,AAPL,XNAS,1,-1,0.994364321231842,99,171.0,1
1748959981000000000,AAPL,XNAS,2,1,0.9916655421257019,99,100.0,1
1748959981000000000,AAPL,XNAS,2,-1,0.9944172501564026,99,1.0,1
1748959982000000000,AAPL,XNAS,1,1,0.9919830560684204,99,200.0,1
1748959982000000000,AAPL,XNAS,1,-1,0.9948405623435974,99,300.0,2
1748959982000000000,AAPL,XNAS,2,1,0.9919301271438599,99,100.0,1
1748959982000000000,AAPL,XNAS,2,-1,0.994893491268158,99,1.0,1
1748959983000000000,AAPL,XNAS,1,1,0.9919830560684204,99,200.0,1
1748959983000000000,AAPL,XNAS,1,-1,0.9943113923072815,99,71.0,1
1748959983000000000,AAPL,XNAS,2,1,0.9919301271438599,99,100.0,1
1748959983000000000,AAPL,XNAS,2,-1,0.9948405623435974,99,300.0,2
1748959984000000000,AAPL,XNAS,1,1,0.9918772578239441,99,200.0,1
1748959984000000000,AAPL,XNAS,1,-1,0.9943113923072815,99,71.0,1
1748959984000000000,AAPL,XNAS,2,1,0.9918243288993835,99,200.0,1
1748959984000000000,AAPL,XNAS,2,-1,0.9948405623435974,99,200.0,1
1748959985000000000,AAPL,XNAS,1,1,0.9919301271438599,99,400.0,3
1748959985000000000,AAPL,XNAS,1,-1,0.9943113923072815,99,76.0,1
1748959985000000000,AAPL,XNAS,2,1,0.9918772578239441,99,300.0,2
1748959985000000000,AAPL,XNAS,2,-1,0.994893491268158,99,1.0,1
1748959986000000000,AAPL,XNAS,1,1,0.9919830560684204,99,100.0,1
1748959986000000000,AAPL,XNAS,1,-1,0.9942055940628052,99,171.0,1
1748959986000000000,AAPL,XNAS,2,1,0.9919301271438599,99,300.0,2
1748959986000000000,AAPL,XNAS,2,-1,0.9942585229873657,99,1.0,1
1748959987000000000,AAPL,XNAS,1,1,0.9923005700111389,99,200.0,1
1748959987000000000,AAPL,XNAS,1,-1,0.9948405623435974,99,100.0,1
1748959987000000000,AAPL,XNAS,2,1,0.9922476410865784,99,100.0,1
1748959987000000000,AAPL,XNAS,2,-1,0.994893491268158,99,1.0,1
1748959988000000000,AAPL,XNAS,1,1,0.9925122261047363,99,153.0,1
1748959988000000000,AAPL,XNAS,1,-1,0.9942585229873657,99,1.0,1
1748959988000000000,AAPL,XNAS,2,1,0.9924592971801758,99,100.0,1
1748959988000000000,AAPL,XNAS,2,-1,0.994893491268158,99,1.0,1
1748959989000000000,AAPL,XNAS,1,1,0.9927768111228943,99,200.0,1
1748959989000000000,AAPL,XNAS,1,-1,0.9948405623435974,99,200.0,1
1748959989000000000,AAPL,XNAS,2,1,0.9926180839538574,99,100.0,1
1748959989000000000,AAPL,XNAS,2,-1,0.994893491268158,99,1.0,1
1748959990000000000,AAPL,XNAS,1,1,0.9930413961410522,99,200.0,1
1748959990000000000,AAPL,XNAS,1,-1,0.9948405623435974,99,100.0,1
1748959990000000000,AAPL,XNAS,2,1,0.9929884672164917,99,8.0,1
1748959990000000000,AAPL,XNAS,2,-1,0.994893491268158,99,1.0,1
1748959991000000000,AAPL,XNAS,1,1,0.9932001829147339,99,100.0,1
1748959991000000000,AAPL,XNAS,1,-1,0.9948405623435974,99,100.0,1
1748959991000000000,AAPL,XNAS,2,1,0.9931472539901733,99,100.0,1
1748959991000000000,AAPL,XNAS,2,-1,0.994893491268158,99,1.0,1
1748959992000000000,AAPL,XNAS,1,1,0.9932001829147339,99,100.0,1
1748959992000000000,AAPL,XNAS,1,-1,0.9948405623435974,99,105.0,1
1748959992000000000,AAPL,XNAS,2,1,0.9931472539901733,99,100.0,1
1748959992000000000,AAPL,XNAS,2,-1,0.994893491268158,99,1.0,1
1748959994000000000,AAPL,XNAS,1,1,0.9932001829147339,99,100.0,1
1748959994000000000,AAPL,XNAS,1,-1,0.9948405623435974,99,100.0,1
1748959994000000000,AAPL,XNAS,2,1,0.9931472539901733,99,100.0,1
1748959994000000000,AAPL,XNAS,2,-1,0.994893491268158,99,1.0,1
1748959996000000000,AAPL,XNAS,1,1,0.9932001829147339,99,200.0,1
1748959996000000000,AAPL,XNAS,1,-1,0.9948405623435974,99,100.0,1
1748959996000000000,AAPL,XNAS,2,1,0.9931472539901733,99,100.0,1
1748959996000000000,AAPL,XNAS,2,-1,0.994893491268158,99,1.0,1
1748959997000000000,AAPL,XNAS,1,1,0.9932001829147339,99,200.0,1
1748959997000000000,AAPL,XNAS,1,-1,0.9947876930236816,99,5.0,1
1748959997000000000,AAPL,XNAS,2,1,0.9931472539901733,99,100.0,1
1748959997000000000,AAPL,XNAS,2,-1,0.9948405623435974,99,100.0,1
1748959998000000000,AAPL,XNAS,1,1,0.9932001829147339,99,100.0,1
1748959998000000000,AAPL,XNAS,1,-1,0.9948405623435974,99,105.0,1
1748959998000000000,AAPL,XNAS,2,1,0.9931472539901733,99,100.0,1
1748959998000000000,AAPL,XNAS,2,-1,0.994893491268158,99,1.0,1
1748959999000000000,AAPL,XNAS,1,1,0.9930413961410522,99,400.0,3
1748959999000000000,AAPL,XNAS,1,-1,0.9947876930236816,99,100.0,1
1748959999000000000,AAPL,XNAS,2,1,0.9929884672164917,99,108.0,1
1748959999000000000,AAPL,XNAS,2,-1,0.9948405623435974,99,100.0,1
1748960001000000000,AAPL,XNAS,1,1,0.9930413961410522,99,100.0,1
1748960001000000000,AAPL,XNAS,1,-1,0.9947876930236816,99,149.0,1
1748960001000000000,AAPL,XNAS,2,1,0.9929884672164917,99,108.0,1
1748960001000000000,AAPL,XNAS,2,-1,0.9948405623435974,99,100.0,1
1748960002000000000,AAPL,XNAS,1,1,0.9930413961410522,99,100.0,1
1748960002000000000,AAPL,XNAS,1,-1,0.9947876930236816,99,154.0,1
1748960002000000000,AAPL,XNAS,2,1,0.9929884672164917,99,108.0,1
1748960002000000000,AAPL,XNAS,2,-1,0.9948405623435974,99,100.0,1
1748960003000000000,AAPL,XNAS,1,1,0.9932530522346497,99,3.0,1
1748960003000000000,AAPL,XNAS,1,-1,0.9947876930236816,99,154.0,1
1748960003000000000,AAPL,XNAS,2,1,0.9930413961410522,99,102.0,1
1748960003000000000,AAPL,XNAS,2,-1,0.9948405623435974,99,100.0,1
1748960004000000000,AAPL,XNAS,1,1,0.9932530522346497,99,3.0,1
1748960004000000000,AAPL,XNAS,1,-1,0.9947876930236816,99,254.0,2
1748960004000000000,AAPL,XNAS,2,1,0.9930413961410522,99,102.0,1
1748960004000000000,AAPL,XNAS,2,-1,0.9948405623435974,99,100.0,1
1748960005000000000,AAPL,XNAS,1,1,0.9932530522346497,99,203.0,1
1748960005000000000,AAPL,XNAS,1,-1,0.9947876930236816,99,254.0,2
1748960005000000000,AAPL,XNAS,2,1,0.9930413961410522,99,102.0,1
1748960005000000000,AAPL,XNAS,2,-1,0.9948405623435974,99,100.0,1
1748960016000000000,AAPL,XNAS,1,1,0.9933059811592102,99,100.0,1
1748960016000000000,AAPL,XNAS,1,-1,0.9947876930236816,99,154.0,1
1748960016000000000,AAPL,XNAS,2,1,0.9932530522346497,99,203.0,1
1748960016000000000,AAPL,XNAS,2,-1,0.9948405623435974,99,100.0,1
1748960017000000000,AAPL,XNAS,1,1,0.9933059811592102,99,100.0,1
1748960017000000000,AAPL,XNAS,1,-1,0.9947876930236816,99,154.0,1
1748960017000000000,AAPL,XNAS,2,1,0.9932530522346497,99,200.0,1
1748960017000000000,AAPL,XNAS,2,-1,0.9948405623435974,99,100.0,1
1748960019000000000,AAPL,XNAS,1,1,0.9932530522346497,99,200.0,1
1748960019000000000,AAPL,XNAS,1,-1,0.9947347640991211,99,106.0,1
1748960019000000000,AAPL,XNAS,2,1,0.9930413961410522,99,102.0,1
1748960019000000000,AAPL,XNAS,2,-1,0.9947876930236816,99,149.0,1
1748960023000000000,AAPL,XNAS,1,1,0.9933059811592102,99,100.0,1
1748960023000000000,AAPL,XNAS,1,-1,0.9946818351745605,99,100.0,1
1748960023000000000,AAPL,XNAS,2,1,0.9932530522346497,99,200.0,1
1748960023000000000,AAPL,XNAS,2,-1,0.9947347640991211,99,200.0,1
1748960025000000000,AAPL,XNAS,1,1,0.9934118390083313,99,100.0,1
1748960025000000000,AAPL,XNAS,1,-1,0.9946818351745605,99,100.0,1
1748960025000000000,AAPL,XNAS,2,1,0.9933589100837708,99,100.0,1
1748960025000000000,AAPL,XNAS,2,-1,0.9947347640991211,99,100.0,1
1748960026000000000,AAPL,XNAS,1,1,0.9933589100837708,99,100.0,1
1748960026000000000,AAPL,XNAS,1,-1,0.99462890625,99,100.0,1
1748960026000000000,AAPL,XNAS,2,1,0.9933059811592102,99,100.0,1
1748960026000000000,AAPL,XNAS,2,-1,0.9946818351745605,99,100.0,1
1748960027000000000,AAPL,XNAS,1,1,0.9936764240264893,99,100.0,1
1748960027000000000,AAPL,XNAS,1,-1,0.9950522780418396,100,108.0,1
1748960027000000000,AAPL,XNAS,2,1,0.9936234951019287,99,100.0,1
1748960027000000000,AAPL,XNAS,2,-1,0.9951051473617554,100,5.0,1
1748960029000000000,AAPL,XNAS,1,1,0.9937822222709656,99,100.0,1
1748960029000000000,AAPL,XNAS,1,-1,0.9950522780418396,100,108.0,1
1748960029000000000,AAPL,XNAS,2,1,0.9937293529510498,99,3.0,1
1748960029000000000,AAPL,XNAS,2,-1,0.9951051473617554,100,5.0,1
1748960030000000000,AAPL,XNAS,1,1,0.9939939379692078,99,100.0,1
1748960030000000000,AAPL,XNAS,1,-1,0.9955814480781555,100,100.0,1
1748960030000000000,AAPL,XNAS,2,1,0.9939410090446472,99,300.0,2
1748960030000000000,AAPL,XNAS,2,-1,0.9956343173980713,100,100.0,1
1748960031000000000,AAPL,XNAS,1,1,0.9950522780418396,100,3.0,1
1748960031000000000,AAPL,XNAS,1,-1,0.9955814480781555,100,100.0,1
1748960031000000000,AAPL,XNAS,2,1,0.9946818351745605,99,8.0,1
1748960031000000000,AAPL,XNAS,2,-1,0.9956343173980713,100,100.0,1
1748960033000000000,AAPL,XNAS,1,1,0.9946818351745605,99,8.0,1
1748960033000000000,AAPL,XNAS,1,-1,0.995263934135437,100,100.0,1
1748960033000000000,AAPL,XNAS,2,1,0.99462890625,99,9.0,1
1748960033000000000,AAPL,XNAS,2,-1,0.9953168630599976,100,10.0,1
1748960034000000000,AAPL,XNAS,1,1,0.9946818351745605,99,8.0,1
1748960034000000000,AAPL,XNAS,1,-1,0.9955814480781555,100,100.0,1
1748960034000000000,AAPL,XNAS,2,1,0.99462890625,99,9.0,1
1748960034000000000,AAPL,XNAS,2,-1,0.9956343173980713,100,100.0,1
1748960035000000000,AAPL,XNAS,1,1,0.9946818351745605,99,8.0,1
1748960035000000000,AAPL,XNAS,1,-1,0.9956872463226318,100,100.0,1
1748960035000000000,AAPL,XNAS,2,1,0.99462890625,99,9.0,1
1748960035000000000,AAPL,XNAS,2,-1,0.9957401752471924,100,2.0,1
1748960036000000000,AAPL,XNAS,1,1,0.9946818351745605,99,8.0,1
1748960036000000000,AAPL,XNAS,1,-1,0.9956343173980713,100,100.0,1
1748960036000000000,AAPL,XNAS,2,1,0.99462890625,99,9.0,1
1748960036000000000,AAPL,XNAS,2,-1,0.9956872463226318,100,1.0,1
1748960037000000000,AAPL,XNAS,1,1,0.9939410090446472,99,100.0,1
1748960037000000000,AAPL,XNAS,1,-1,0.9955814480781555,100,100.0,1
1748960037000000000,AAPL,XNAS,2,1,0.9938880801200867,99,110.0,1
1748960037000000000,AAPL,XNAS,2,-1,0.9956343173980713,100,1.0,1
1748960038000000000,AAPL,XNAS,1,1,0.9939410090446472,99,100.0,1
1748960038000000000,AAPL,XNAS,1,-1,0.995528519153595,100,100.0,1
1748960038000000000,AAPL,XNAS,2,1,0.9938880801200867,99,110.0,1
1748960038000000000,AAPL,XNAS,2,-1,0.9955814480781555,100,1.0,1
1748960039000000000,AAPL,XNAS,1,1,0.9933059811592102,99,100.0,1
1748960039000000000,AAPL,XNAS,1,-1,0.9954755902290344,100,100.0,1
1748960039000000000,AAPL,XNAS,2,1,0.9932530522346497,99,100.0,1
1748960039000000000,AAPL,XNAS,2,-1,0.995528519153595,100,1.0,1
1748960040000000000,AAPL,XNAS,1,1,0.9933589100837708,99,100.0,1
1748960040000000000,AAPL,XNAS,1,-1,0.9954226613044739,100,100.0,1
1748960040000000000,AAPL,XNAS,2,1,0.9933059811592102,99,100.0,1
1748960040000000000,AAPL,XNAS,2,-1,0.9954755902290344,100,1.0,1
1748960041000000000,AAPL,XNAS,1,1,0.9937822222709656,99,100.0,1
1748960041000000000,AAPL,XNAS,1,-1,0.9953697323799133,100,100.0,1
1748960041000000000,AAPL,XNAS,2,1,0.9932001829147339,99,100.0,1
1748960041000000000,AAPL,XNAS,2,-1,0.9954226613044739,100,101.0,1
1748960042000000000,AAPL,XNAS,1,1,0.9937822222709656,99,100.0,1
1748960042000000000,AAPL,XNAS,1,-1,0.9953697323799133,100,100.0,1
1748960042000000000,AAPL,XNAS,2,1,0.9932001829147339,99,100.0,1
1748960042000000000,AAPL,XNAS,2,-1,0.9954226613044739,100,100.0,1
1748960044000000000,AAPL,XNAS,1,1,0.9938351511955261,99,400.0,3
1748960044000000000,AAPL,XNAS,1,-1,0.9953168630599976,100,107.0,1
1748960044000000000,AAPL,XNAS,2,1,0.9937822222709656,99,100.0,1
1748960044000000000,AAPL,XNAS,2,-1,0.9953697323799133,100,100.0,1
1748960045000000000,AAPL,XNAS,1,1,0.9938880801200867,99,200.0,1
1748960045000000000,AAPL,XNAS,1,-1,0.9953168630599976,100,107.0,1
1748960045000000000,AAPL,XNAS,2,1,0.9938351511955261,99,200.0,1
1748960045000000000,AAPL,XNAS,2,-1,0.9957401752471924,100,2.0,1
1748960046000000000,AAPL,XNAS,1,1,0.9939410090446472,99,200.0,1
1748960046000000000,AAPL,XNAS,1,-1,0.995263934135437,100,100.0,1
1748960046000000000,AAPL,XNAS,2,1,0.9938880801200867,99,300.0,2
1748960046000000000,AAPL,XNAS,2,-1,0.9953168630599976,100,107.0,1
1748960047000000000,AAPL,XNAS,1,1,0.9939410090446472,99,100.0,1
1748960047000000000,AAPL,XNAS,1,-1,0.995263934135437,100,100.0,1
1748960047000000000,AAPL,XNAS,2,1,0.9938880801200867,99,200.0,1
1748960047000000000,AAPL,XNAS,2,-1,0.9953168630599976,100,107.0,1
1748960049000000000,AAPL,XNAS,1,1,0.9939410090446472,99,300.0,2
1748960049000000000,AAPL,XNAS,1,-1,0.995263934135437,100,101.0,1
1748960049000000000,AAPL,XNAS,2,1,0.9932001829147339,99,100.0,1
1748960049000000000,AAPL,XNAS,2,-1,0.9953168630599976,100,107.0,1
1748960053000000000,AAPL,XNAS,1,1,0.9930413961410522,99,2.0,1
1748960053000000000,AAPL,XNAS,1,-1,0.9949464201927185,99,100.0,1
1748960053000000000,AAPL,XNAS,2,1,0.9925122261047363,99,200.0,1
1748960053000000000,AAPL,XNAS,2,-1,0.994999349117279,99,100.0,1
1748960054000000000,AAPL,XNAS,1,1,0.9930943250656128,99,100.0,1
1748960054000000000,AAPL,XNAS,1,-1,0.995263934135437,100,200.0,1
1748960054000000000,AAPL,XNAS,2,1,0.9930413961410522,99,2.0,1
1748960054000000000,AAPL,XNAS,2,-1,0.9953168630599976,100,7.0,1
1748960055000000000,AAPL,XNAS,1,1,0.9934118390083313,99,100.0,1
1748960055000000000,AAPL,XNAS,1,-1,0.995263934135437,100,200.0,1
1748960055000000000,AAPL,XNAS,2,1,0.9933589100837708,99,100.0,1
1748960055000000000,AAPL,XNAS,2,-1,0.9953168630599976,100,107.0,1
1748960056000000000,AAPL,XNAS,1,1,0.9933589100837708,99,100.0,1
1748960056000000000,AAPL,XNAS,1,-1,0.9948405623435974,99,100.0,1
1748960056000000000,AAPL,XNAS,2,1,0.9930413961410522,99,2.0,1
1748960056000000000,AAPL,XNAS,2,-1,0.994893491268158,99,101.0,1
1748960057000000000,AAPL,XNAS,1,1,0.9933589100837708,99,100.0,1
1748960057000000000,AAPL,XNAS,1,-1,0.995263934135437,100,200.0,1
1748960057000000000,AAPL,XNAS,2,1,0.9930413961410522,99,2.0,1
1748960057000000000,AAPL,XNAS,2,-1,0.9953168630599976,100,107.0,1
1748960063000000000,AAPL,XNAS,1,1,0.9933589100837708,99,100.0,1
1748960063000000000,AAPL,XNAS,1,-1,0.9948405623435974,99,1.0,1
1748960063000000000,AAPL,XNAS,2,1,0.9925122261047363,99,200.0,1
1748960063000000000,AAPL,XNAS,2,-1,0.995263934135437,100,200.0,1
1748960064000000000,AAPL,XNAS,1,1,0.9927768111228943,99,100.0,1
1748960064000000000,AAPL,XNAS,1,-1,0.9944701790809631,99,100.0,1
1748960064000000000,AAPL,XNAS,2,1,0.9926180839538574,99,100.0,1
1748960064000000000,AAPL,XNAS,2,-1,0.9945231080055237,99,200.0,1
1748960065000000000,AAPL,XNAS,1,1,0.9930413961410522,99,100.0,1
1748960065000000000,AAPL,XNAS,1,-1,0.994893491268158,99,100.0,1
1748960065000000000,AAPL,XNAS,2,1,0.9929884672164917,99,102.0,1
1748960065000000000,AAPL,XNAS,2,-1,0.9949464201927185,99,3.0,1
1748960066000000000,AAPL,XNAS,1,1,0.9930413961410522,99,100.0,1
1748960066000000000,AAPL,XNAS,1,-1,0.99462890625,99,101.0,1
1748960066000000000,AAPL,XNAS,2,1,0.9929884672164917,99,100.0,1
1748960066000000000,AAPL,XNAS,2,-1,0.9946818351745605,99,1.0,1
1748960067000000000,AAPL,XNAS,1,1,0.9930413961410522,99,100.0,1
1748960067000000000,AAPL,XNAS,1,-1,0.9945231080055237,99,100.0,1
1748960067000000000,AAPL,XNAS,2,1,0.9929884672164917,99,100.0,1
1748960067000000000,AAPL,XNAS,2,-1,0.9945759773254395,99,1.0,1
1748960068000000000,AAPL,XNAS,1,1,0.9930413961410522,99,100.0,1
1748960068000000000,AAPL,XNAS,1,-1,0.9945231080055237,99,1.0,1
1748960068000000000,AAPL,XNAS,2,1,0.9929884672164917,99,100.0,1
1748960068000000000,AAPL,XNAS,2,-1,0.99462890625,99,100.0,1
1748960069000000000,AAPL,XNAS,1,1,0.9933589100837708,99,2.0,1
1748960069000000000,AAPL,XNAS,1,-1,0.99462890625,99,101.0,1
1748960069000000000,AAPL,XNAS,2,1,0.9929884672164917,99,100.0,1
1748960069000000000,AAPL,XNAS,2,-1,0.9949464201927185,99,3.0,1
1748960072000000000,AAPL,XNAS,1,1,0.9933589100837708,99,102.0,1
1748960072000000000,AAPL,XNAS,1,-1,0.9945759773254395,99,100.0,1
1748960072000000000,AAPL,XNAS,2,1,0.9929884672164917,99,100.0,1
1748960072000000000,AAPL,XNAS,2,-1,0.99462890625,99,101.0,1
1748960073000000000,AAPL,XNAS,1,1,0.9933589100837708,99,102.0,1
1748960073000000000,AAPL,XNAS,1,-1,0.9945759773254395,99,100.0,1
1748960073000000000,AAPL,XNAS,2,1,0.9929884672164917,99,100.0,1
1748960073000000000,AAPL,XNAS,2,-1,0.99462890625,99,100.0,1
1748960077000000000,AAPL,XNAS,1,1,0.9934118390083313,99,25.0,1
1748960077000000000,AAPL,XNAS,1,-1,0.99462890625,99,100.0,1
1748960077000000000,AAPL,XNAS,2,1,0.9933589100837708,99,102.0,1
1748960077000000000,AAPL,XNAS,2,-1,0.9951051473617554,100,3.0,1
1748960078000000000,AAPL,XNAS,1,1,0.9934118390083313,99,100.0,1
1748960078000000000,AAPL,XNAS,1,-1,0.99462890625,99,100.0,1
1748960078000000000,AAPL,XNAS,2,1,0.9933589100837708,99,102.0,1
1748960078000000000,AAPL,XNAS,2,-1,0.9951051473617554,100,3.0,1
1748960079000000000,AAPL,XNAS,1,1,0.9933589100837708,99,100.0,1
1748960079000000000,AAPL,XNAS,1,-1,0.9945759773254395,99,100.0,1
1748960079000000000,AAPL,XNAS,2,1,0.9929884672164917,99,100.0,1
1748960079000000000,AAPL,XNAS,2,-1,0.99462890625,99,102.0,1
1748960080000000000,AAPL,XNAS,1,1,0.9933589100837708,99,100.0,1
1748960080000000000,AAPL,XNAS,1,-1,0.9945759773254395,99,100.0,1
1748960080000000000,AAPL,XNAS,2,1,0.9929884672164917,99,100.0,1
1748960080000000000,AAPL,XNAS,2,-1,0.99462890625,99,100.0,1
1748960083000000000,AAPL,XNAS,1,1,0.9933589100837708,99,100.0,1
1748960083000000000,AAPL,XNAS,1,-1,0.9945759773254395,99,101.0,1
1748960083000000000,AAPL,XNAS,2,1,0.9929884672164917,99,100.0,1
1748960083000000000,AAPL,XNAS,2,-1,0.99462890625,99,100.0,1
1748960089000000000,AAPL,XNAS,1,1,0.9933589100837708,99,100.0,1
1748960089000000000,AAPL,XNAS,1,-1,0.9945759773254395,99,101.0,1
1748960089000000000,AAPL,XNAS,2,1,0.9932530522346497,99,2.0,1
1748960089000000000,AAPL,XNAS,2,-1,0.99462890625,99,100.0,1
1748960091000000000,AAPL,XNAS,1,1,0.9933589100837708,99,100.0,1
1748960091000000000,AAPL,XNAS,1,-1,0.9939939379692078,99,1.0,1
1748960091000000000,AAPL,XNAS,2,1,0.9932530522346497,99,2.0,1
1748960091000000000,AAPL,XNAS,2,-1,0.9945231080055237,99,1.0,1
1748960092000000000,AAPL,XNAS,1,1,0.9933589100837708,99,100.0,1
1748960092000000000,AAPL,XNAS,1,-1,0.9939939379692078,99,1.0,1
1748960092000000000,AAPL,XNAS,2,1,0.9932530522346497,99,2.0,1
1748960092000000000,AAPL,XNAS,2,-1,0.99462890625,99,106.0,1
1748960094000000000,AAPL,XNAS,1,1,0.9933589100837708,99,100.0,1
1748960094000000000,AAPL,XNAS,1,-1,0.9939939379692078,99,1.0,1
1748960094000000000,AAPL,XNAS,2,1,0.9932530522346497,99,2.0,1
1748960094000000000,AAPL,XNAS,2,-1,0.99462890625,99,101.0,1
1748960095000000000,AAPL,XNAS,1,1,0.9934118390083313,99,100.0,1
1748960095000000000,AAPL,XNAS,1,-1,0.9945231080055237,99,100.0,1
1748960095000000000,AAPL,XNAS,2,1,0.9933589100837708,99,100.0,1
1748960095000000000,AAPL,XNAS,2,-1,0.9945759773254395,99,1.0,1
1748960096000000000,AAPL,XNAS,1,1,0.9934118390083313,99,100.0,1
1748960096000000000,AAPL,XNAS,1,-1,0.9944701790809631,99,100.0,1
1748960096000000000,AAPL,XNAS,2,1,0.9933589100837708,99,100.0,1
1748960096000000000,AAPL,XNAS,2,-1,0.9945231080055237,99,1.0,1
1748960097000000000,AAPL,XNAS,1,1,0.9933589100837708,99,100.0,1
1748960097000000000,AAPL,XNAS,1,-1,0.9944701790809631,99,1.0,1
1748960097000000000,AAPL,XNAS,2,1,0.9932530522346497,99,2.0,1
1748960097000000000,AAPL,XNAS,2,-1,0.9945759773254395,99,100.0,1
1748960098000000000,AAPL,XNAS,1,1,0.9933589100837708,99,100.0,1
1748960098000000000,AAPL,XNAS,1,-1,0.9945231080055237,99,100.0,1
1748960098000000000,AAPL,XNAS,2,1,0.9932530522346497,99,2.0,1
1748960098000000000,AAPL,XNAS,2,-1,0.9945759773254395,99,100.0,1
1748960103000000000,AAPL,XNAS,1,1,0.9934647679328918,99,100.0,1
1748960103000000000,AAPL,XNAS,1,-1,0.9945759773254395,99,5.0,1
1748960103000000000,AAPL,XNAS,2,1,0.9934118390083313,99,100.0,1
1748960103000000000,AAPL,XNAS,2,-1,0.9949464201927185,99,100.0,1
1748960104000000000,AAPL,XNAS,1,1,0.9934647679328918,99,100.0,1
1748960104000000000,AAPL,XNAS,1,-1,0.9945759773254395,99,7.0,1
1748960104000000000,AAPL,XNAS,2,1,0.9934118390083313,99,100.0,1
1748960104000000000,AAPL,XNAS,2,-1,0.99462890625,99,5.0,1
1748960105000000000,AAPL,XNAS,1,1,0.9935705661773682,99,100.0,1
1748960105000000000,AAPL,XNAS,1,-1,0.9945759773254395,99,7.0,1
1748960105000000000,AAPL,XNAS,2,1,0.9935176372528076,99,200.0,1
1748960105000000000,AAPL,XNAS,2,-1,0.99462890625,99,5.0,1
1748960107000000000,AAPL,XNAS,1,1,0.9935705661773682,99,100.0,1
1748960107000000000,AAPL,XNAS,1,-1,0.9945759773254395,99,7.0,1
1748960107000000000,AAPL,XNAS,2,1,0.9935176372528076,99,100.0,1
1748960107000000000,AAPL,XNAS,2,-1,0.99462890625,99,5.0,1
1748960109000000000,AAPL,XNAS,1,1,0.9936234951019287,99,100.0,1
1748960109000000000,AAPL,XNAS,1,-1,0.9945759773254395,99,7.0,1
1748960109000000000,AAPL,XNAS,2,1,0.9935705661773682,99,100.0,1
1748960109000000000,AAPL,XNAS,2,-1,0.99462890625,99,5.0,1
1748960111000000000,AAPL,XNAS,1,1,0.9936764240264893,99,200.0,1
1748960111000000000,AAPL,XNAS,1,-1,0.994999349117279,99,3.0,1
1748960111000000000,AAPL,XNAS,2,1,0.9936234951019287,99,100.0,1
1748960111000000000,AAPL,XNAS,2,-1,0.9950522780418396,100,3.0,1
1748960112000000000,AAPL,XNAS,1,1,0.9936764240264893,99,200.0,1
1748960112000000000,AAPL,XNAS,1,-1,0.994999349117279,99,3.0,1
1748960112000000000,AAPL,XNAS,2,1,0.9933589100837708,99,2.0,1
1748960112000000000,AAPL,XNAS,2,-1,0.9950522780418396,100,3.0,1
1748960114000000000,AAPL,XNAS,1,1,0.9941526651382446,99,100.0,1
1748960114000000000,AAPL,XNAS,1,-1,0.995263934135437,100,100.0,1
1748960114000000000,AAPL,XNAS,2,1,0.9940997362136841,99,100.0,1
1748960114000000000,AAPL,XNAS,2,-1,0.9953168630599976,100,7.0,1
1748960115000000000,AAPL,XNAS,1,1,0.9940997362136841,99,100.0,1
1748960115000000000,AAPL,XNAS,1,-1,0.995263934135437,100,100.0,1
1748960115000000000,AAPL,XNAS,2,1,0.9933589100837708,99,2.0,1
1748960115000000000,AAPL,XNAS,2,-1,0.9953168630599976,100,7.0,1
1748960116000000000,AAPL,XNAS,1,1,0.9940997362136841,99,100.0,1
1748960116000000000,AAPL,XNAS,1,-1,0.9953697323799133,100,5.0,1
1748960116000000000,AAPL,XNAS,2,1,0.9933589100837708,99,2.0,1
1748960116000000000,AAPL,XNAS,2,-1,0.9957401752471924,100,301.0,2
1748960117000000000,AAPL,XNAS,1,1,0.9940997362136841,99,100.0,1
1748960117000000000,AAPL,XNAS,1,-1,0.9953697323799133,100,5.0,1
1748960117000000000,AAPL,XNAS,2,1,0.9933589100837708,99,2.0,1
1748960117000000000,AAPL,XNAS,2,-1,0.9957401752471924,100,301.0,2
1748960118000000000,AAPL,XNAS,1,1,0.9941526651382446,99,200.0,1
1748960118000000000,AAPL,XNAS,1,-1,0.9953697323799133,100,5.0,1
1748960118000000000,AAPL,XNAS,2,1,0.9933589100837708,99,2.0,1
1748960118000000000,AAPL,XNAS,2,-1,0.9957401752471924,100,301.0,2
1748960121000000000,AAPL,XNAS,1,1,0.9942055940628052,99,200.0,1
1748960121000000000,AAPL,XNAS,1,-1,0.9953697323799133,100,5.0,1
1748960121000000000,AAPL,XNAS,2,1,0.9941526651382446,99,100.0,1
1748960121000000000,AAPL,XNAS,2,-1,0.9957401752471924,100,201.0,1
1748960122000000000,AAPL,XNAS,1,1,0.9942585229873657,99,100.0,1
1748960122000000000,AAPL,XNAS,1,-1,0.9953697323799133,100,5.0,1
