ts_ns,symbol,venue,level,side,price,price_ticks,size,num_orders
1749304800000000000,AAPL,XNAS,1,1,0.998504638671875,100,200.0,1
1749304800000000000,AAPL,XNAS,1,-1,0.9992523193359375,100,200.0,1
1749304800000000000,AAPL,XNAS,2,1,0.9984548091888428,100,49.0,1
1749304800000000000,AAPL,XNAS,2,-1,0.9993021488189697,100,9.0,1
1749304802000000000,AAPL,XNAS,1,1,0.9984548091888428,100,49.0,1
1749304802000000000,AAPL,XNAS,1,-1,0.9992523193359375,100,200.0,1
1749304802000000000,AAPL,XNAS,2,1,0.9984049201011658,100,149.0,1
1749304802000000000,AAPL,XNAS,2,-1,0.9993021488189697,100,9.0,1
1749304803000000000,AAPL,XNAS,1,1,0.9984548091888428,100,149.0,1
1749304803000000000,AAPL,XNAS,1,-1,0.9992523193359375,100,200.0,1
1749304803000000000,AAPL,XNAS,2,1,0.9984049201011658,100,149.0,1
1749304803000000000,AAPL,XNAS,2,-1,0.9993021488189697,100,9.0,1
1749304804000000000,AAPL,XNAS,1,1,0.998504638671875,100,100.0,1
1749304804000000000,AAPL,XNAS,1,-1,0.9992523193359375,100,100.0,1
1749304804000000000,AAPL,XNAS,2,1,0.9984548091888428,100,149.0,1
1749304804000000000,AAPL,XNAS,2,-1,0.9993021488189697,100,9.0,1
1749304805000000000,AAPL,XNAS,1,1,0.9984548091888428,100,149.0,1
1749304805000000000,AAPL,XNAS,1,-1,0.9992523193359375,100,100.0,1
1749304805000000000,AAPL,XNAS,2,1,0.9984049201011658,100,173.0,1
1749304805000000000,AAPL,XNAS,2,-1,0.9993021488189697,100,9.0,1
1749304806000000000,AAPL,XNAS,1,1,0.998504638671875,100,100.0,1
1749304806000000000,AAPL,XNAS,1,-1,0.9992523193359375,100,100.0,1
1749304806000000000,AAPL,XNAS,2,1,0.9984548091888428,100,49.0,1
1749304806000000000,AAPL,XNAS,2,-1,0.9993021488189697,100,9.0,1
1749304813000000000,AAPL,XNAS,1,1,0.998504638671875,100,100.0,1
1749304813000000000,AAPL,XNAS,1,-1,0.9993021488189697,100,1.0,1
1749304813000000000,AAPL,XNAS,2,1,0.9984548091888428,100,49.0,1
1749304813000000000,AAPL,XNAS,2,-1,0.9993520379066467,100,1.0,1
1749304815000000000,AAPL,XNAS,1,1,0.998504638671875,100,100.0,1
1749304815000000000,AAPL,XNAS,1,-1,0.9991526007652283,100,100.0,1
1749304815000000000,AAPL,XNAS,2,1,0.9984548091888428,100,49.0,1
1749304815000000000,AAPL,XNAS,2,-1,0.9992024898529053,100,200.0,1
1749304816000000000,AAPL,XNAS,1,1,0.998504638671875,100,100.0,1
1749304816000000000,AAPL,XNAS,1,-1,0.9991526007652283,100,124.0,1
1749304816000000000,AAPL,XNAS,2,1,0.9984548091888428,100,49.0,1
1749304816000000000,AAPL,XNAS,2,-1,0.9992024898529053,100,100.0,1
1749304817000000000,AAPL,XNAS,1,1,0.9980061650276184,100,100.0,1
1749304817000000000,AAPL,XNAS,1,-1,0.9989532232284546,100,100.0,1
1749304817000000000,AAPL,XNAS,2,1,0.9979563355445862,100,24.0,1
1749304817000000000,AAPL,XNAS,2,-1,0.9990031123161316,100,200.0,1
1749304820000000000,AAPL,XNAS,1,1,0.9980061650276184,100,100.0,1
1749304820000000000,AAPL,XNAS,1,-1,0.9989532232284546,100,100.0,1
1749304820000000000,AAPL,XNAS,2,1,0.9979563355445862,100,24.0,1
1749304820000000000,AAPL,XNAS,2,-1,0.9990031123161316,100,100.0,1
1749304830000000000,AAPL,XNAS,1,1,0.9980061650276184,100,176.0,1
1749304830000000000,AAPL,XNAS,1,-1,0.9992523193359375,100,100.0,1
1749304830000000000,AAPL,XNAS,2,1,0.9979563355445862,100,24.0,1
1749304830000000000,AAPL,XNAS,2,-1,0.9993021488189697,100,1.0,1
1749304831000000000,AAPL,XNAS,1,1,0.9981058835983276,100,100.0,1
1749304831000000000,AAPL,XNAS,1,-1,0.9992523193359375,100,100.0,1
1749304831000000000,AAPL,XNAS,2,1,0.9980560541152954,100,43.0,1
1749304831000000000,AAPL,XNAS,2,-1,0.9993021488189697,100,1.0,1
1749304834000000000,AAPL,XNAS,1,1,0.9981058835983276,100,100.0,1
1749304834000000000,AAPL,XNAS,1,-1,0.999102771282196,100,149.0,1
1749304834000000000,AAPL,XNAS,2,1,0.9980560541152954,100,43.0,1
1749304834000000000,AAPL,XNAS,2,-1,0.9991526007652283,100,72.0,1
1749304835000000000,AAPL,XNAS,1,1,0.9981058835983276,100,100.0,1
1749304835000000000,AAPL,XNAS,1,-1,0.9990529417991638,100,1.0,1
1749304835000000000,AAPL,XNAS,2,1,0.9980560541152954,100,43.0,1
1749304835000000000,AAPL,XNAS,2,-1,0.999102771282196,100,49.0,1
1749304838000000000,AAPL,XNAS,1,1,0.9981058835983276,100,100.0,1
1749304838000000000,AAPL,XNAS,1,-1,0.9990529417991638,100,100.0,1
1749304838000000000,AAPL,XNAS,2,1,0.9980560541152954,100,43.0,1
1749304838000000000,AAPL,XNAS,2,-1,0.999102771282196,100,49.0,1
1749304839000000000,AAPL,XNAS,1,1,0.9981058835983276,100,100.0,1
1749304839000000000,AAPL,XNAS,1,-1,0.9990529417991638,100,100.0,1
1749304839000000000,AAPL,XNAS,2,1,0.9980560541152954,100,43.0,1
1749304839000000000,AAPL,XNAS,2,-1,0.999102771282196,100,49.0,1
1749304842000000000,AAPL,XNAS,1,1,0.9981058835983276,100,100.0,1
1749304842000000000,AAPL,XNAS,1,-1,0.999102771282196,100,49.0,1
1749304842000000000,AAPL,XNAS,2,1,0.9980560541152954,100,43.0,1
1749304842000000000,AAPL,XNAS,2,-1,0.9991526007652283,100,72.0,1
1749304843000000000,AAPL,XNAS,1,1,0.9981058835983276,100,100.0,1
1749304843000000000,AAPL,XNAS,1,-1,0.9991526007652283,100,72.0,1
1749304843000000000,AAPL,XNAS,2,1,0.9980560541152954,100,43.0,1
1749304843000000000,AAPL,XNAS,2,-1,0.9992523193359375,100,100.0,1
1749304846000000000,AAPL,XNAS,1,1,0.9979563355445862,100,24.0,1
1749304846000000000,AAPL,XNAS,1,-1,0.9990031123161316,100,100.0,1
1749304846000000000,AAPL,XNAS,2,1,0.9977569580078125,100,7.0,1
1749304846000000000,AAPL,XNAS,2,-1,0.9990529417991638,100,101.0,1
1749304847000000000,AAPL,XNAS,1,1,0.9979563355445862,100,24.0,1
1749304847000000000,AAPL,XNAS,1,-1,0.9988535642623901,100,1.0,1
1749304847000000000,AAPL,XNAS,2,1,0.9977569580078125,100,7.0,1
1749304847000000000,AAPL,XNAS,2,-1,0.9990529417991638,100,100.0,1
1749304848000000000,AAPL,XNAS,1,1,0.997856616973877,100,100.0,1
1749304848000000000,AAPL,XNAS,1,-1,0.9989532232284546,100,100.0,1
1749304848000000000,AAPL,XNAS,2,1,0.9978067874908447,100,43.0,1
1749304848000000000,AAPL,XNAS,2,-1,0.9990031123161316,100,1.0,1
1749304849000000000,AAPL,XNAS,1,1,0.9980061650276184,100,100.0,1
1749304849000000000,AAPL,XNAS,1,-1,0.9989033937454224,100,2.0,1
1749304849000000000,AAPL,XNAS,2,1,0.9979563355445862,100,25.0,1
1749304849000000000,AAPL,XNAS,2,-1,0.9990529417991638,100,100.0,1
1749304850000000000,AAPL,XNAS,1,1,0.9980061650276184,100,100.0,1
1749304850000000000,AAPL,XNAS,1,-1,0.9989033937454224,100,1.0,1
1749304850000000000,AAPL,XNAS,2,1,0.9979563355445862,100,25.0,1
1749304850000000000,AAPL,XNAS,2,-1,0.9990529417991638,100,100.0,1
1749304851000000000,AAPL,XNAS,1,1,0.9979563355445862,100,25.0,1
1749304851000000000,AAPL,XNAS,1,-1,0.9990031123161316,100,100.0,1
1749304851000000000,AAPL,XNAS,2,1,0.9978067874908447,100,43.0,1
1749304851000000000,AAPL,XNAS,2,-1,0.9990529417991638,100,100.0,1
1749304852000000000,AAPL,XNAS,1,1,0.9982554316520691,100,1.0,1
1749304852000000000,AAPL,XNAS,1,-1,0.9990529417991638,100,100.0,1
1749304852000000000,AAPL,XNAS,2,1,0.9979563355445862,100,25.0,1
1749304852000000000,AAPL,XNAS,2,-1,0.9991526007652283,100,25.0,1
1749304853000000000,AAPL,XNAS,1,1,0.9983550906181335,100,1.0,1
1749304853000000000,AAPL,XNAS,1,-1,0.9990529417991638,100,100.0,1
1749304853000000000,AAPL,XNAS,2,1,0.9980061650276184,100,143.0,1
1749304853000000000,AAPL,XNAS,2,-1,0.9991526007652283,100,25.0,1
1749304861000000000,AAPL,XNAS,1,1,0.9983052611351013,100,1.0,1
1749304861000000000,AAPL,XNAS,1,-1,0.9990031123161316,100,100.0,1
1749304861000000000,AAPL,XNAS,2,1,0.9980061650276184,100,43.0,1
1749304861000000000,AAPL,XNAS,2,-1,0.9990529417991638,100,100.0,1
1749304863000000000,AAPL,XNAS,1,1,0.9983550906181335,100,100.0,1
1749304863000000000,AAPL,XNAS,1,-1,0.9992024898529053,100,100.0,1
1749304863000000000,AAPL,XNAS,2,1,0.9983052611351013,100,1.0,1
1749304863000000000,AAPL,XNAS,2,-1,0.9992523193359375,100,1.0,1
1749304864000000000,AAPL,XNAS,1,1,0.9983550906181335,100,1.0,1
1749304864000000000,AAPL,XNAS,1,-1,0.9991526007652283,100,100.0,1
1749304864000000000,AAPL,XNAS,2,1,0.9979563355445862,100,25.0,1
1749304864000000000,AAPL,XNAS,2,-1,0.9992024898529053,100,1.0,1
1749304865000000000,AAPL,XNAS,1,1,0.9983550906181335,100,1.0,1
1749304865000000000,AAPL,XNAS,1,-1,0.999102771282196,100,100.0,1
1749304865000000000,AAPL,XNAS,2,1,0.9979563355445862,100,25.0,1
1749304865000000000,AAPL,XNAS,2,-1,0.9991526007652283,100,1.0,1
1749304866000000000,AAPL,XNAS,1,1,0.9983550906181335,100,1.0,1
1749304866000000000,AAPL,XNAS,1,-1,0.9992523193359375,100,100.0,1
1749304866000000000,AAPL,XNAS,2,1,0.9979563355445862,100,25.0,1
1749304866000000000,AAPL,XNAS,2,-1,0.9993021488189697,100,1.0,1
1749304868000000000,AAPL,XNAS,1,1,0.9983550906181335,100,1.0,1
1749304868000000000,AAPL,XNAS,1,-1,0.9990529417991638,100,149.0,1
1749304868000000000,AAPL,XNAS,2,1,0.9979563355445862,100,25.0,1
1749304868000000000,AAPL,XNAS,2,-1,0.999102771282196,100,49.0,1
1749304869000000000,AAPL,XNAS,1,1,0.9983550906181335,100,1.0,1
1749304869000000000,AAPL,XNAS,1,-1,0.9990031123161316,100,100.0,1
1749304869000000000,AAPL,XNAS,2,1,0.9979563355445862,100,25.0,1
1749304869000000000,AAPL,XNAS,2,-1,0.9990529417991638,100,49.0,1
1749304870000000000,AAPL,XNAS,1,1,0.9983550906181335,100,3.0,1
1749304870000000000,AAPL,XNAS,1,-1,0.999102771282196,100,100.0,1
1749304870000000000,AAPL,XNAS,2,1,0.9979563355445862,100,25.0,1
1749304870000000000,AAPL,XNAS,2,-1,0.9991526007652283,100,74.0,1
1749304873000000000,AAPL,XNAS,1,1,0.9983550906181335,100,2.0,1
1749304873000000000,AAPL,XNAS,1,-1,0.999102771282196,100,100.0,1
1749304873000000000,AAPL,XNAS,2,1,0.9983052611351013,100,1.0,1
1749304873000000000,AAPL,XNAS,2,-1,0.9991526007652283,100,74.0,1
1749304874000000000,AAPL,XNAS,1,1,0.9983550906181335,100,3.0,1
1749304874000000000,AAPL,XNAS,1,-1,0.9990031123161316,100,100.0,1
1749304874000000000,AAPL,XNAS,2,1,0.9979563355445862,100,25.0,1
1749304874000000000,AAPL,XNAS,2,-1,0.9990529417991638,100,100.0,1
1749304875000000000,AAPL,XNAS,1,1,0.9979563355445862,100,100.0,1
1749304875000000000,AAPL,XNAS,1,-1,0.9986541867256165,100,100.0,1
1749304875000000000,AAPL,XNAS,2,1,0.997906506061554,100,100.0,1
1749304875000000000,AAPL,XNAS,2,-1,0.9987040162086487,100,100.0,1
1749304876000000000,AAPL,XNAS,1,1,0.9979563355445862,100,125.0,1
1749304876000000000,AAPL,XNAS,1,-1,0.9987538456916809,100,1.0,1
1749304876000000000,AAPL,XNAS,2,1,0.997906506061554,100,100.0,1
1749304876000000000,AAPL,XNAS,2,-1,0.9988535642623901,100,100.0,1
1749304878000000000,AAPL,XNAS,1,1,0.9979563355445862,100,125.0,1
1749304878000000000,AAPL,XNAS,1,-1,0.9987538456916809,100,1.0,1
1749304878000000000,AAPL,XNAS,2,1,0.9977569580078125,100,7.0,1
1749304878000000000,AAPL,XNAS,2,-1,0.9988535642623901,100,100.0,1
1749304880000000000,AAPL,XNAS,1,1,0.9979563355445862,100,125.0,1
1749304880000000000,AAPL,XNAS,1,-1,0.9987538456916809,100,101.0,1
1749304880000000000,AAPL,XNAS,2,1,0.9977569580078125,100,7.0,1
1749304880000000000,AAPL,XNAS,2,-1,0.9988535642623901,100,100.0,1
1749304883000000000,AAPL,XNAS,1,1,0.9982554316520691,100,46.0,1
1749304883000000000,AAPL,XNAS,1,-1,0.9987538456916809,100,101.0,1
1749304883000000000,AAPL,XNAS,2,1,0.9979563355445862,100,125.0,1
1749304883000000000,AAPL,XNAS,2,-1,0.9988535642623901,100,100.0,1
1749304890000000000,AAPL,XNAS,1,1,0.9982554316520691,100,46.0,1
1749304890000000000,AAPL,XNAS,1,-1,0.9987538456916809,100,101.0,1
1749304890000000000,AAPL,XNAS,2,1,0.9979563355445862,100,125.0,1
1749304890000000000,AAPL,XNAS,2,-1,0.9988535642623901,100,102.0,1
1749304891000000000,AAPL,XNAS,1,1,0.9982554316520691,100,146.0,1
1749304891000000000,AAPL,XNAS,1,-1,0.9987538456916809,100,101.0,1
1749304891000000000,AAPL,XNAS,2,1,0.9979563355445862,100,125.0,1
1749304891000000000,AAPL,XNAS,2,-1,0.9988535642623901,100,100.0,1
1749304892000000000,AAPL,XNAS,1,1,0.9982554316520691,100,146.0,1
1749304892000000000,AAPL,XNAS,1,-1,0.998504638671875,100,1.0,1
1749304892000000000,AAPL,XNAS,2,1,0.9977569580078125,100,7.0,1
1749304892000000000,AAPL,XNAS,2,-1,0.9987538456916809,100,100.0,1
1749304893000000000,AAPL,XNAS,1,1,0.9983052611351013,100,100.0,1
1749304893000000000,AAPL,XNAS,1,-1,0.998504638671875,100,1.0,1
1749304893000000000,AAPL,XNAS,2,1,0.9982554316520691,100,146.0,1
1749304893000000000,AAPL,XNAS,2,-1,0.9987538456916809,100,100.0,1
1749304894000000000,AAPL,XNAS,1,1,0.9983052611351013,100,200.0,1
1749304894000000000,AAPL,XNAS,1,-1,0.998504638671875,100,1.0,1
1749304894000000000,AAPL,XNAS,2,1,0.9982554316520691,100,46.0,1
1749304894000000000,AAPL,XNAS,2,-1,0.9987538456916809,100,100.0,1
1749304898000000000,AAPL,XNAS,1,1,0.9977569580078125,100,7.0,1
1749304898000000000,AAPL,XNAS,1,-1,0.9981557130813599,100,1.0,1
1749304898000000000,AAPL,XNAS,2,1,0.9970591068267822,100,125.0,1
1749304898000000000,AAPL,XNAS,2,-1,0.9984049201011658,100,8.0,1
1749304900000000000,AAPL,XNAS,1,1,0.9977569580078125,100,7.0,1
1749304900000000000,AAPL,XNAS,1,-1,0.9981557130813599,100,1.0,1
1749304900000000000,AAPL,XNAS,2,1,0.9975077509880066,100,25.0,1
1749304900000000000,AAPL,XNAS,2,-1,0.9986541867256165,100,103.0,1
1749304901000000000,AAPL,XNAS,1,1,0.9977569580078125,100,7.0,1
1749304901000000000,AAPL,XNAS,1,-1,0.9981557130813599,100,1.0,1
1749304901000000000,AAPL,XNAS,2,1,0.9975077509880066,100,25.0,1
1749304901000000000,AAPL,XNAS,2,-1,0.9984548091888428,100,3.0,1
1749304902000000000,AAPL,XNAS,1,1,0.9978067874908447,100,100.0,1
1749304902000000000,AAPL,XNAS,1,-1,0.9986042976379395,100,100.0,1
1749304902000000000,AAPL,XNAS,2,1,0.9977569580078125,100,7.0,1
1749304902000000000,AAPL,XNAS,2,-1,0.9986541867256165,100,100.0,1
1749304903000000000,AAPL,XNAS,1,1,0.9978067874908447,100,100.0,1
1749304903000000000,AAPL,XNAS,1,-1,0.9981557130813599,100,3.0,1
1749304903000000000,AAPL,XNAS,2,1,0.9977569580078125,100,7.0,1
1749304903000000000,AAPL,XNAS,2,-1,0.9986541867256165,100,100.0,1
1749304904000000000,AAPL,XNAS,1,1,0.997856616973877,100,100.0,1
1749304904000000000,AAPL,XNAS,1,-1,0.9986042976379395,100,100.0,1
1749304904000000000,AAPL,XNAS,2,1,0.9978067874908447,100,49.0,1
1749304904000000000,AAPL,XNAS,2,-1,0.9986541867256165,100,100.0,1
1749304906000000000,AAPL,XNAS,1,1,0.997856616973877,100,100.0,1
1749304906000000000,AAPL,XNAS,1,-1,0.9986541867256165,100,100.0,1
1749304906000000000,AAPL,XNAS,2,1,0.9978067874908447,100,49.0,1
1749304906000000000,AAPL,XNAS,2,-1,0.9987040162086487,100,25.0,1
1749304913000000000,AAPL,XNAS,1,1,0.9977569580078125,100,7.0,1
1749304913000000000,AAPL,XNAS,1,-1,0.9986541867256165,100,138.0,1
1749304913000000000,AAPL,XNAS,2,1,0.9975077509880066,100,25.0,1
1749304913000000000,AAPL,XNAS,2,-1,0.9987040162086487,100,25.0,1
1749304914000000000,AAPL,XNAS,1,1,0.997856616973877,100,100.0,1
1749304914000000000,AAPL,XNAS,1,-1,0.9985544681549072,100,100.0,1
1749304914000000000,AAPL,XNAS,2,1,0.9977569580078125,100,7.0,1
1749304914000000000,AAPL,XNAS,2,-1,0.9986042976379395,100,100.0,1
1749304915000000000,AAPL,XNAS,1,1,0.997856616973877,100,100.0,1
1749304915000000000,AAPL,XNAS,1,-1,0.9981557130813599,100,3.0,1
1749304915000000000,AAPL,XNAS,2,1,0.9977569580078125,100,7.0,1
1749304915000000000,AAPL,XNAS,2,-1,0.9984049201011658,100,100.0,1
1749304916000000000,AAPL,XNAS,1,1,0.997856616973877,100,100.0,1
1749304916000000000,AAPL,XNAS,1,-1,0.9983550906181335,100,100.0,1
1749304916000000000,AAPL,XNAS,2,1,0.9977569580078125,100,7.0,1
1749304916000000000,AAPL,XNAS,2,-1,0.9984049201011658,100,100.0,1
1749304917000000000,AAPL,XNAS,1,1,0.997856616973877,100,100.0,1
1749304917000000000,AAPL,XNAS,1,-1,0.9983550906181335,100,100.0,1
1749304917000000000,AAPL,XNAS,2,1,0.9977569580078125,100,7.0,1
1749304917000000000,AAPL,XNAS,2,-1,0.9984049201011658,100,100.0,1
1749304918000000000,AAPL,XNAS,1,1,0.997856616973877,100,100.0,1
1749304918000000000,AAPL,XNAS,1,-1,0.9983550906181335,100,200.0,1
1749304918000000000,AAPL,XNAS,2,1,0.9977569580078125,100,7.0,1
1749304918000000000,AAPL,XNAS,2,-1,0.9984049201011658,100,100.0,1
1749304920000000000,AAPL,XNAS,1,1,0.9971089363098145,100,100.0,1
1749304920000000000,AAPL,XNAS,1,-1,0.9982055425643921,100,100.0,1
1749304920000000000,AAPL,XNAS,2,1,0.9970591068267822,100,25.0,1
1749304920000000000,AAPL,XNAS,2,-1,0.9982554316520691,100,26.0,1
1749304921000000000,AAPL,XNAS,1,1,0.9969594478607178,100,100.0,1
1749304921000000000,AAPL,XNAS,1,-1,0.9980061650276184,100,100.0,1
1749304921000000000,AAPL,XNAS,2,1,0.9969095587730408,100,63.0,1
1749304921000000000,AAPL,XNAS,2,-1,0.9980560541152954,100,3.0,1
1749304922000000000,AAPL,XNAS,1,1,0.9969095587730408,100,63.0,1
1749304922000000000,AAPL,XNAS,1,-1,0.9977071285247803,100,100.0,1
1749304922000000000,AAPL,XNAS,2,1,0.9968597292900085,100,13.0,1
1749304922000000000,AAPL,XNAS,2,-1,0.9977569580078125,100,100.0,1
1749304923000000000,AAPL,XNAS,1,1,0.9969594478607178,100,100.0,1
1749304923000000000,AAPL,XNAS,1,-1,0.997607409954071,100,100.0,1
1749304923000000000,AAPL,XNAS,2,1,0.9969095587730408,100,63.0,1
1749304923000000000,AAPL,XNAS,2,-1,0.9976572394371033,100,1.0,1
1749304924000000000,AAPL,XNAS,1,1,0.9969594478607178,100,100.0,1
1749304924000000000,AAPL,XNAS,1,-1,0.9975575804710388,100,2.0,1
1749304924000000000,AAPL,XNAS,2,1,0.9969095587730408,100,63.0,1
1749304924000000000,AAPL,XNAS,2,-1,0.997607409954071,100,1.0,1
1749304925000000000,AAPL,XNAS,1,1,0.9969594478607178,100,100.0,1
1749304925000000000,AAPL,XNAS,1,-1,0.9975575804710388,100,1.0,1
1749304925000000000,AAPL,XNAS,2,1,0.9969095587730408,100,63.0,1
1749304925000000000,AAPL,XNAS,2,-1,0.9977569580078125,100,100.0,1
1749304927000000000,AAPL,XNAS,1,1,0.9970591068267822,100,100.0,1
1749304927000000000,AAPL,XNAS,1,-1,0.9981058835983276,100,101.0,1
1749304927000000000,AAPL,XNAS,2,1,0.99700927734375,100,41.0,1
1749304927000000000,AAPL,XNAS,2,-1,0.9981557130813599,100,1.0,1
1749304928000000000,AAPL,XNAS,1,1,0.9970591068267822,100,100.0,1
1749304928000000000,AAPL,XNAS,1,-1,0.9981058835983276,100,101.0,1
1749304928000000000,AAPL,XNAS,2,1,0.99700927734375,100,41.0,1
1749304928000000000,AAPL,XNAS,2,-1,0.9982055425643921,100,200.0,1
1749304930000000000,AAPL,XNAS,1,1,0.9970591068267822,100,100.0,1
1749304930000000000,AAPL,XNAS,1,-1,0.9981058835983276,100,101.0,1
1749304930000000000,AAPL,XNAS,2,1,0.99700927734375,100,41.0,1
1749304930000000000,AAPL,XNAS,2,-1,0.9982055425643921,100,300.0,2
1749304932000000000,AAPL,XNAS,1,1,0.9970591068267822,100,100.0,1
1749304932000000000,AAPL,XNAS,1,-1,0.997856616973877,100,3.0,1
1749304932000000000,AAPL,XNAS,2,1,0.99700927734375,100,41.0,1
1749304932000000000,AAPL,XNAS,2,-1,0.9981058835983276,100,101.0,1
1749304933000000000,AAPL,XNAS,1,1,0.9970591068267822,100,149.0,1
1749304933000000000,AAPL,XNAS,1,-1,0.9980560541152954,100,100.0,1
1749304933000000000,AAPL,XNAS,2,1,0.99700927734375,100,41.0,1
1749304933000000000,AAPL,XNAS,2,-1,0.9981058835983276,100,1.0,1
1749304934000000000,AAPL,XNAS,1,1,0.9970591068267822,100,149.0,1
1749304934000000000,AAPL,XNAS,1,-1,0.9975575804710388,100,3.0,1
1749304934000000000,AAPL,XNAS,2,1,0.9969095587730408,100,63.0,1
1749304934000000000,AAPL,XNAS,2,-1,0.9981058835983276,100,1.0,1
1749304935000000000,AAPL,XNAS,1,1,0.9973083734512329,100,149.0,1
1749304935000000000,AAPL,XNAS,1,-1,0.9980560541152954,100,100.0,1
1749304935000000000,AAPL,XNAS,2,1,0.9972584843635559,100,6.0,1
1749304935000000000,AAPL,XNAS,2,-1,0.9981058835983276,100,1.0,1
1749304939000000000,AAPL,XNAS,1,1,0.9973083734512329,100,149.0,1
1749304939000000000,AAPL,XNAS,1,-1,0.9980560541152954,100,100.0,1
1749304939000000000,AAPL,XNAS,2,1,0.9972584843635559,100,6.0,1
1749304939000000000,AAPL,XNAS,2,-1,0.9981058835983276,100,99.0,1
1749304941000000000,AAPL,XNAS,1,1,0.9973083734512329,100,100.0,1
1749304941000000000,AAPL,XNAS,1,-1,0.9977569580078125,100,2.0,1
1749304941000000000,AAPL,XNAS,2,1,0.9972584843635559,100,6.0,1
1749304941000000000,AAPL,XNAS,2,-1,0.9981058835983276,100,98.0,1
1749304942000000000,AAPL,XNAS,1,1,0.9973582029342651,100,100.0,1
1749304942000000000,AAPL,XNAS,1,-1,0.9980560541152954,100,100.0,1
1749304942000000000,AAPL,XNAS,2,1,0.9973083734512329,100,49.0,1
1749304942000000000,AAPL,XNAS,2,-1,0.9981058835983276,100,98.0,1
1749304949000000000,AAPL,XNAS,1,1,0.9973582029342651,100,28.0,1
1749304949000000000,AAPL,XNAS,1,-1,0.9980560541152954,100,100.0,1
1749304949000000000,AAPL,XNAS,2,1,0.9973083734512329,100,49.0,1
1749304949000000000,AAPL,XNAS,2,-1,0.9981058835983276,100,98.0,1
1749304950000000000,AAPL,XNAS,1,1,0.9973582029342651,100,28.0,1
1749304950000000000,AAPL,XNAS,1,-1,0.9976572394371033,100,3.0,1
1749304950000000000,AAPL,XNAS,2,1,0.9972584843635559,100,6.0,1
1749304950000000000,AAPL,XNAS,2,-1,0.9980061650276184,100,100.0,1
1749304951000000000,AAPL,XNAS,1,1,0.9973582029342651,100,28.0,1
1749304951000000000,AAPL,XNAS,1,-1,0.9974578619003296,100,3.0,1
1749304951000000000,AAPL,XNAS,2,1,0.9969095587730408,100,63.0,1
1749304951000000000,AAPL,XNAS,2,-1,0.9980061650276184,100,100.0,1
1749304952000000000,AAPL,XNAS,1,1,0.9973582029342651,100,25.0,1
1749304952000000000,AAPL,XNAS,1,-1,0.997906506061554,100,1.0,1
1749304952000000000,AAPL,XNAS,2,1,0.9970591068267822,100,26.0,1
1749304952000000000,AAPL,XNAS,2,-1,0.9980061650276184,100,200.0,1
1749304953000000000,AAPL,XNAS,1,1,0.9973582029342651,100,25.0,1
1749304953000000000,AAPL,XNAS,1,-1,0.997906506061554,100,100.0,1
1749304953000000000,AAPL,XNAS,2,1,0.9969095587730408,100,63.0,1
1749304953000000000,AAPL,XNAS,2,-1,0.9979563355445862,100,1.0,1
1749304954000000000,AAPL,XNAS,1,1,0.9973582029342651,100,25.0,1
1749304954000000000,AAPL,XNAS,1,-1,0.997856616973877,100,100.0,1
1749304954000000000,AAPL,XNAS,2,1,0.9969095587730408,100,63.0,1
1749304954000000000,AAPL,XNAS,2,-1,0.997906506061554,100,1.0,1
1749304955000000000,AAPL,XNAS,1,1,0.9974080324172974,100,1.0,1
1749304955000000000,AAPL,XNAS,1,-1,0.9980560541152954,100,100.0,1
1749304955000000000,AAPL,XNAS,2,1,0.9973582029342651,100,25.0,1
1749304955000000000,AAPL,XNAS,2,-1,0.9981058835983276,100,98.0,1
1749304959000000000,AAPL,XNAS,1,1,0.9974578619003296,100,100.0,1
1749304959000000000,AAPL,XNAS,1,-1,0.9981058835983276,100,98.0,1
1749304959000000000,AAPL,XNAS,2,1,0.9974080324172974,100,1.0,1
1749304959000000000,AAPL,XNAS,2,-1,0.9982055425643921,100,200.0,1
1749304960000000000,AAPL,XNAS,1,1,0.9977569580078125,100,1.0,1
1749304960000000000,AAPL,XNAS,1,-1,0.9981058835983276,100,98.0,1
1749304960000000000,AAPL,XNAS,2,1,0.9973582029342651,100,25.0,1
1749304960000000000,AAPL,XNAS,2,-1,0.9982055425643921,100,200.0,1
1749304961000000000,AAPL,XNAS,1,1,0.9977569580078125,100,1.0,1
1749304961000000000,AAPL,XNAS,1,-1,0.9981058835983276,100,98.0,1
1749304961000000000,AAPL,XNAS,2,1,0.9973582029342651,100,25.0,1
1749304961000000000,AAPL,XNAS,2,-1,0.9982055425643921,100,100.0,1
1749304962000000000,AAPL,XNAS,1,1,0.9977569580078125,100,1.0,1
1749304962000000000,AAPL,XNAS,1,-1,0.9980560541152954,100,6.0,1
1749304962000000000,AAPL,XNAS,2,1,0.9973582029342651,100,25.0,1
1749304962000000000,AAPL,XNAS,2,-1,0.9981058835983276,100,98.0,1
1749304963000000000,AAPL,XNAS,1,1,0.9977569580078125,100,1.0,1
1749304963000000000,AAPL,XNAS,1,-1,0.997856616973877,100,2.0,1
1749304963000000000,AAPL,XNAS,2,1,0.9973582029342651,100,25.0,1
1749304963000000000,AAPL,XNAS,2,-1,0.9980560541152954,100,6.0,1
1749304966000000000,AAPL,XNAS,1,1,0.9974080324172974,100,100.0,1
1749304966000000000,AAPL,XNAS,1,-1,0.9980061650276184,100,1.0,1
1749304966000000000,AAPL,XNAS,2,1,0.9973582029342651,100,25.0,1
1749304966000000000,AAPL,XNAS,2,-1,0.9980560541152954,100,6.0,1
1749304967000000000,AAPL,XNAS,1,1,0.9973582029342651,100,25.0,1
1749304967000000000,AAPL,XNAS,1,-1,0.9977569580078125,100,2.0,1
1749304967000000000,AAPL,XNAS,2,1,0.9969095587730408,100,63.0,1
1749304967000000000,AAPL,XNAS,2,-1,0.9980061650276184,100,1.0,1
1749304968000000000,AAPL,XNAS,1,1,0.9973582029342651,100,25.0,1
1749304968000000000,AAPL,XNAS,1,-1,0.9980061650276184,100,1.0,1
1749304968000000000,AAPL,XNAS,2,1,0.9970591068267822,100,25.0,1
1749304968000000000,AAPL,XNAS,2,-1,0.9980560541152954,100,7.0,1
1749304969000000000,AAPL,XNAS,1,1,0.9974080324172974,100,100.0,1
1749304969000000000,AAPL,XNAS,1,-1,0.9980061650276184,100,100.0,1
1749304969000000000,AAPL,XNAS,2,1,0.9973582029342651,100,25.0,1
1749304969000000000,AAPL,XNAS,2,-1,0.9980560541152954,100,8.0,1
1749304970000000000,AAPL,XNAS,1,1,0.9974080324172974,100,100.0,1
1749304970000000000,AAPL,XNAS,1,-1,0.9980061650276184,100,100.0,1
1749304970000000000,AAPL,XNAS,2,1,0.9973582029342651,100,25.0,1
1749304970000000000,AAPL,XNAS,2,-1,0.9980560541152954,100,6.0,1
1749304971000000000,AAPL,XNAS,1,1,0.9973582029342651,100,25.0,1
1749304971000000000,AAPL,XNAS,1,-1,0.997906506061554,100,2.0,1
1749304971000000000,AAPL,XNAS,2,1,0.9970591068267822,100,25.0,1
1749304971000000000,AAPL,XNAS,2,-1,0.9980560541152954,100,6.0,1
1749304972000000000,AAPL,XNAS,1,1,0.9973582029342651,100,25.0,1
1749304972000000000,AAPL,XNAS,1,-1,0.997906506061554,100,8.0,1
1749304972000000000,AAPL,XNAS,2,1,0.9970591068267822,100,25.0,1
1749304972000000000,AAPL,XNAS,2,-1,0.9981058835983276,100,98.0,1
1749304975000000000,AAPL,XNAS,1,1,0.9973582029342651,100,25.0,1
1749304975000000000,AAPL,XNAS,1,-1,0.997906506061554,100,7.0,1
1749304975000000000,AAPL,XNAS,2,1,0.9970591068267822,100,25.0,1
1749304975000000000,AAPL,XNAS,2,-1,0.9980560541152954,100,1.0,1
1749304976000000000,AAPL,XNAS,1,1,0.9973582029342651,100,25.0,1
1749304976000000000,AAPL,XNAS,1,-1,0.997906506061554,100,6.0,1
1749304976000000000,AAPL,XNAS,2,1,0.9970591068267822,100,25.0,1
1749304976000000000,AAPL,XNAS,2,-1,0.9980560541152954,100,2.0,1
1749304977000000000,AAPL,XNAS,1,1,0.9973582029342651,100,25.0,1
1749304977000000000,AAPL,XNAS,1,-1,0.997906506061554,100,8.0,1
1749304977000000000,AAPL,XNAS,2,1,0.9970591068267822,100,25.0,1
1749304977000000000,AAPL,XNAS,2,-1,0.9981058835983276,100,98.0,1
1749304978000000000,AAPL,XNAS,1,1,0.9973582029342651,100,25.0,1
1749304978000000000,AAPL,XNAS,1,-1,0.9980560541152954,100,100.0,1
1749304978000000000,AAPL,XNAS,2,1,0.9973083734512329,100,100.0,1
1749304978000000000,AAPL,XNAS,2,-1,0.9981058835983276,100,104.0,1
1749304980000000000,AAPL,XNAS,1,1,0.9973582029342651,100,25.0,1
1749304980000000000,AAPL,XNAS,1,-1,0.997906506061554,100,2.0,1
1749304980000000000,AAPL,XNAS,2,1,0.9973083734512329,100,100.0,1
1749304980000000000,AAPL,XNAS,2,-1,0.9981058835983276,100,104.0,1
1749304981000000000,AAPL,XNAS,1,1,0.9973582029342651,100,25.0,1
1749304981000000000,AAPL,XNAS,1,-1,0.997856616973877,100,3.0,1
1749304981000000000,AAPL,XNAS,2,1,0.9973083734512329,100,100.0,1
1749304981000000000,AAPL,XNAS,2,-1,0.9981058835983276,100,104.0,1
1749304982000000000,AAPL,XNAS,1,1,0.9973582029342651,100,25.0,1
1749304982000000000,AAPL,XNAS,1,-1,0.9978067874908447,100,100.0,1
1749304982000000000,AAPL,XNAS,2,1,0.9973083734512329,100,100.0,1
1749304982000000000,AAPL,XNAS,2,-1,0.997856616973877,100,102.0,1
1749304983000000000,AAPL,XNAS,1,1,0.9969594478607178,100,100.0,1
1749304983000000000,AAPL,XNAS,1,-1,0.997607409954071,100,1.0,1
1749304983000000000,AAPL,XNAS,2,1,0.9969095587730408,100,63.0,1
1749304983000000000,AAPL,XNAS,2,-1,0.9976572394371033,100,2.0,1
1749304984000000000,AAPL,XNAS,1,1,0.9969594478607178,100,100.0,1
1749304984000000000,AAPL,XNAS,1,-1,0.997607409954071,100,1.0,1
1749304984000000000,AAPL,XNAS,2,1,0.9969095587730408,100,63.0,1
1749304984000000000,AAPL,XNAS,2,-1,0.9977569580078125,100,3.0,1
1749304985000000000,AAPL,XNAS,1,1,0.9969095587730408,100,63.0,1
1749304985000000000,AAPL,XNAS,1,-1,0.9973582029342651,100,2.0,1
1749304985000000000,AAPL,XNAS,2,1,0.9968597292900085,100,13.0,1
1749304985000000000,AAPL,XNAS,2,-1,0.9974080324172974,100,1.0,1
1749304986000000000,AAPL,XNAS,1,1,0.9969095587730408,100,63.0,1
1749304986000000000,AAPL,XNAS,1,-1,0.9974080324172974,100,1.0,1
1749304986000000000,AAPL,XNAS,2,1,0.9968597292900085,100,13.0,1
1749304986000000000,AAPL,XNAS,2,-1,0.9976572394371033,100,100.0,1
1749304987000000000,AAPL,XNAS,1,1,0.9969594478607178,100,100.0,1
1749304987000000000,AAPL,XNAS,1,-1,0.9974080324172974,100,1.0,1
1749304987000000000,AAPL,XNAS,2,1,0.9969095587730408,100,63.0,1
1749304987000000000,AAPL,XNAS,2,-1,0.9976572394371033,100,100.0,1
1749304988000000000,AAPL,XNAS,1,1,0.9969594478607178,100,100.0,1
1749304988000000000,AAPL,XNAS,1,-1,0.9974080324172974,100,1.0,1
1749304988000000000,AAPL,XNAS,2,1,0.9969095587730408,100,63.0,1
1749304988000000000,AAPL,XNAS,2,-1,0.9976572394371033,100,100.0,1
1749304989000000000,AAPL,XNAS,1,1,0.9969594478607178,100,100.0,1
1749304989000000000,AAPL,XNAS,1,-1,0.9974080324172974,100,1.0,1
1749304989000000000,AAPL,XNAS,2,1,0.9969095587730408,100,63.0,1
1749304989000000000,AAPL,XNAS,2,-1,0.9976572394371033,100,100.0,1
1749304990000000000,AAPL,XNAS,1,1,0.9969095587730408,100,63.0,1
1749304990000000000,AAPL,XNAS,1,-1,0.9971588253974915,100,3.0,1
1749304990000000000,AAPL,XNAS,2,1,0.9968597292900085,100,13.0,1
1749304990000000000,AAPL,XNAS,2,-1,0.9974080324172974,100,1.0,1
1749304991000000000,AAPL,XNAS,1,1,0.9969095587730408,100,63.0,1
1749304991000000000,AAPL,XNAS,1,-1,0.9974080324172974,100,1.0,1
1749304991000000000,AAPL,XNAS,2,1,0.9968597292900085,100,13.0,1
1749304991000000000,AAPL,XNAS,2,-1,0.9976572394371033,100,100.0,1
1749304995000000000,AAPL,XNAS,1,1,0.9969095587730408,100,63.0,1
1749304995000000000,AAPL,XNAS,1,-1,0.9973582029342651,100,106.0,1
1749304995000000000,AAPL,XNAS,2,1,0.9968597292900085,100,13.0,1
1749304995000000000,AAPL,XNAS,2,-1,0.9974080324172974,100,1.0,1
1749304996000000000,AAPL,XNAS,1,1,0.9969594478607178,100,100.0,1
1749304996000000000,AAPL,XNAS,1,-1,0.9973582029342651,100,6.0,1
1749304996000000000,AAPL,XNAS,2,1,0.9969095587730408,100,63.0,1
1749304996000000000,AAPL,XNAS,2,-1,0.997607409954071,100,103.0,1
1749304997000000000,AAPL,XNAS,1,1,0.9969095587730408,100,63.0,1
1749304997000000000,AAPL,XNAS,1,-1,0.9973582029342651,100,6.0,1
1749304997000000000,AAPL,XNAS,2,1,0.9968597292900085,100,13.0,1
1749304997000000000,AAPL,XNAS,2,-1,0.997607409954071,100,100.0,1
1749304998000000000,AAPL,XNAS,1,1,0.9969095587730408,100,63.0,1
1749304998000000000,AAPL,XNAS,1,-1,0.9973083734512329,100,3.0,1
1749304998000000000,AAPL,XNAS,2,1,0.9968597292900085,100,13.0,1
1749304998000000000,AAPL,XNAS,2,-1,0.9973582029342651,100,6.0,1
1749304999000000000,AAPL,XNAS,1,1,0.9969594478607178,100,100.0,1
1749304999000000000,AAPL,XNAS,1,-1,0.9975077509880066,100,100.0,1
1749304999000000000,AAPL,XNAS,2,1,0.9969095587730408,100,63.0,1
1749304999000000000,AAPL,XNAS,2,-1,0.9975575804710388,100,6.0,1
1749305003000000000,AAPL,XNAS,1,1,0.9969594478607178,100,100.0,1
1749305003000000000,AAPL,XNAS,1,-1,0.9975575804710388,100,100.0,1
1749305003000000000,AAPL,XNAS,2,1,0.9969095587730408,100,63.0,1
1749305003000000000,AAPL,XNAS,2,-1,0.997607409954071,100,100.0,1
1749305004000000000,AAPL,XNAS,1,1,0.9969594478607178,100,100.0,1
1749305004000000000,AAPL,XNAS,1,-1,0.9973083734512329,100,3.0,1
1749305004000000000,AAPL,XNAS,2,1,0.9969095587730408,100,63.0,1
1749305004000000000,AAPL,XNAS,2,-1,0.997607409954071,100,100.0,1
1749305005000000000,AAPL,XNAS,1,1,0.9969095587730408,100,63.0,1
1749305005000000000,AAPL,XNAS,1,-1,0.9973083734512329,100,3.0,1
1749305005000000000,AAPL,XNAS,2,1,0.9968597292900085,100,13.0,1
1749305005000000000,AAPL,XNAS,2,-1,0.997607409954071,100,100.0,1
1749305006000000000,AAPL,XNAS,1,1,0.9969095587730408,100,63.0,1
1749305006000000000,AAPL,XNAS,1,-1,0.9975575804710388,100,100.0,1
1749305006000000000,AAPL,XNAS,2,1,0.9968597292900085,100,14.0,1
1749305006000000000,AAPL,XNAS,2,-1,0.997607409954071,100,100.0,1
1749305007000000000,AAPL,XNAS,1,1,0.9969095587730408,100,63.0,1
1749305007000000000,AAPL,XNAS,1,-1,0.9975575804710388,100,100.0,1
1749305007000000000,AAPL,XNAS,2,1,0.9968597292900085,100,13.0,1
1749305007000000000,AAPL,XNAS,2,-1,0.997607409954071,100,100.0,1
1749305013000000000,AAPL,XNAS,1,1,0.9969594478607178,100,100.0,1
1749305013000000000,AAPL,XNAS,1,-1,0.9975575804710388,100,100.0,1
1749305013000000000,AAPL,XNAS,2,1,0.9969095587730408,100,64.0,1
1749305013000000000,AAPL,XNAS,2,-1,0.997607409954071,100,100.0,1
1749305014000000000,AAPL,XNAS,1,1,0.9969594478607178,100,100.0,1
1749305014000000000,AAPL,XNAS,1,-1,0.9975575804710388,100,100.0,1
1749305014000000000,AAPL,XNAS,2,1,0.9969095587730408,100,63.0,1
1749305014000000000,AAPL,XNAS,2,-1,0.997607409954071,100,100.0,1
1749305016000000000,AAPL,XNAS,1,1,0.9969594478607178,100,100.0,1
1749305016000000000,AAPL,XNAS,1,-1,0.997607409954071,100,100.0,1
1749305016000000000,AAPL,XNAS,2,1,0.9969095587730408,100,63.0,1
1749305016000000000,AAPL,XNAS,2,-1,0.9977071285247803,100,115.0,1
1749305017000000000,AAPL,XNAS,1,1,0.9969594478607178,100,100.0,1
1749305017000000000,AAPL,XNAS,1,-1,0.9977071285247803,100,115.0,1
1749305017000000000,AAPL,XNAS,2,1,0.9969095587730408,100,63.0,1
1749305017000000000,AAPL,XNAS,2,-1,0.9978067874908447,100,25.0,1
1749305018000000000,AAPL,XNAS,1,1,0.9969594478607178,100,100.0,1
1749305018000000000,AAPL,XNAS,1,-1,0.9976572394371033,100,100.0,1
1749305018000000000,AAPL,XNAS,2,1,0.9969095587730408,100,63.0,1
1749305018000000000,AAPL,XNAS,2,-1,0.9977071285247803,100,115.0,1
1749305019000000000,AAPL,XNAS,1,1,0.9973582029342651,100,10.0,1
1749305019000000000,AAPL,XNAS,1,-1,0.9977071285247803,100,115.0,1
1749305019000000000,AAPL,XNAS,2,1,0.99700927734375,100,149.0,1
1749305019000000000,AAPL,XNAS,2,-1,0.997906506061554,100,100.0,1
1749305020000000000,AAPL,XNAS,1,1,0.9973582029342651,100,10.0,1
1749305020000000000,AAPL,XNAS,1,-1,0.997856616973877,100,100.0,1
1749305020000000000,AAPL,XNAS,2,1,0.9969095587730408,100,63.0,1
1749305020000000000,AAPL,XNAS,2,-1,0.997906506061554,100,100.0,1
1749305021000000000,AAPL,XNAS,1,1,0.9973582029342651,100,10.0,1
1749305021000000000,AAPL,XNAS,1,-1,0.997856616973877,100,100.0,1
1749305021000000000,AAPL,XNAS,2,1,0.9971089363098145,100,1.0,1
1749305021000000000,AAPL,XNAS,2,-1,0.997906506061554,100,100.0,1
1749305022000000000,AAPL,XNAS,1,1,0.9973582029342651,100,10.0,1
1749305022000000000,AAPL,XNAS,1,-1,0.9978067874908447,100,1.0,1
1749305022000000000,AAPL,XNAS,2,1,0.9972584843635559,100,1.0,1
1749305022000000000,AAPL,XNAS,2,-1,0.997906506061554,100,100.0,1
1749305023000000000,AAPL,XNAS,1,1,0.9973582029342651,100,10.0,1
1749305023000000000,AAPL,XNAS,1,-1,0.9978067874908447,100,1.0,1
1749305023000000000,AAPL,XNAS,2,1,0.9972584843635559,100,1.0,1
1749305023000000000,AAPL,XNAS,2,-1,0.997906506061554,100,200.0,1
1749305024000000000,AAPL,XNAS,1,1,0.9973582029342651,100,10.0,1
1749305024000000000,AAPL,XNAS,1,-1,0.997856616973877,100,100.0,1
1749305024000000000,AAPL,XNAS,2,1,0.9972086548805237,100,1.0,1
1749305024000000000,AAPL,XNAS,2,-1,0.997906506061554,100,200.0,1
1749305025000000000,AAPL,XNAS,1,1,0.9969594478607178,100,100.0,1
1749305025000000000,AAPL,XNAS,1,-1,0.997856616973877,100,100.0,1
1749305025000000000,AAPL,XNAS,2,1,0.9969095587730408,100,63.0,1
1749305025000000000,AAPL,XNAS,2,-1,0.997906506061554,100,200.0,1
1749305026000000000,AAPL,XNAS,1,1,0.9970591068267822,100,149.0,1
1749305026000000000,AAPL,XNAS,1,-1,0.9975077509880066,100,1.0,1
1749305026000000000,AAPL,XNAS,2,1,0.99700927734375,100,49.0,1
1749305026000000000,AAPL,XNAS,2,-1,0.997906506061554,100,200.0,1
1749305027000000000,AAPL,XNAS,1,1,0.9971089363098145,100,100.0,1
1749305027000000000,AAPL,XNAS,1,-1,0.9978067874908447,100,100.0,1
1749305027000000000,AAPL,XNAS,2,1,0.9970591068267822,100,26.0,1
1749305027000000000,AAPL,XNAS,2,-1,0.997856616973877,100,100.0,1
1749305029000000000,AAPL,XNAS,1,1,0.9969594478607178,100,100.0,1
1749305029000000000,AAPL,XNAS,1,-1,0.9978067874908447,100,100.0,1
1749305029000000000,AAPL,XNAS,2,1,0.9969095587730408,100,63.0,1
1749305029000000000,AAPL,XNAS,2,-1,0.997856616973877,100,100.0,1
1749305032000000000,AAPL,XNAS,1,1,0.9969594478607178,100,100.0,1
1749305032000000000,AAPL,XNAS,1,-1,0.9977569580078125,100,100.0,1
1749305032000000000,AAPL,XNAS,2,1,0.9969095587730408,100,163.0,1
1749305032000000000,AAPL,XNAS,2,-1,0.9978067874908447,100,100.0,1
1749305036000000000,AAPL,XNAS,1,1,0.9969594478607178,100,100.0,1
1749305036000000000,AAPL,XNAS,1,-1,0.9977569580078125,100,100.0,1
1749305036000000000,AAPL,XNAS,2,1,0.9969095587730408,100,163.0,1
1749305036000000000,AAPL,XNAS,2,-1,0.9980061650276184,100,100.0,1
1749305040000000000,AAPL,XNAS,1,1,0.9969095587730408,100,163.0,1
1749305040000000000,AAPL,XNAS,1,-1,0.9976572394371033,100,100.0,1
1749305040000000000,AAPL,XNAS,2,1,0.9968597292900085,100,13.0,1
1749305040000000000,AAPL,XNAS,2,-1,0.9977071285247803,100,100.0,1
1749305042000000000,AAPL,XNAS,1,1,0.9969594478607178,100,100.0,1
1749305042000000000,AAPL,XNAS,1,-1,0.9977071285247803,100,100.0,1
1749305042000000000,AAPL,XNAS,2,1,0.9969095587730408,100,163.0,1
1749305042000000000,AAPL,XNAS,2,-1,0.9980061650276184,100,100.0,1
1749305044000000000,AAPL,XNAS,1,1,0.9969594478607178,100,100.0,1
1749305044000000000,AAPL,XNAS,1,-1,0.9976572394371033,100,100.0,1
1749305044000000000,AAPL,XNAS,2,1,0.9969095587730408,100,163.0,1
1749305044000000000,AAPL,XNAS,2,-1,0.9980061650276184,100,100.0,1
1749305045000000000,AAPL,XNAS,1,1,0.9969095587730408,100,163.0,1
1749305045000000000,AAPL,XNAS,1,-1,0.997607409954071,100,100.0,1
1749305045000000000,AAPL,XNAS,2,1,0.9968597292900085,100,13.0,1
1749305045000000000,AAPL,XNAS,2,-1,0.9976572394371033,100,100.0,1
1749305048000000000,AAPL,XNAS,1,1,0.9969095587730408,100,163.0,1
1749305048000000000,AAPL,XNAS,1,-1,0.9975575804710388,100,100.0,1
1749305048000000000,AAPL,XNAS,2,1,0.9968597292900085,100,13.0,1
1749305048000000000,AAPL,XNAS,2,-1,0.997607409954071,100,100.0,1
1749305053000000000,AAPL,XNAS,1,1,0.9969594478607178,100,100.0,1
1749305053000000000,AAPL,XNAS,1,-1,0.9975575804710388,100,100.0,1
1749305053000000000,AAPL,XNAS,2,1,0.9969095587730408,100,163.0,1
1749305053000000000,AAPL,XNAS,2,-1,0.9977071285247803,100,96.0,1
1749305058000000000,AAPL,XNAS,1,1,0.9969095587730408,100,163.0,1
1749305058000000000,AAPL,XNAS,1,-1,0.9975077509880066,100,100.0,1
1749305058000000000,AAPL,XNAS,2,1,0.9968597292900085,100,13.0,1
1749305058000000000,AAPL,XNAS,2,-1,0.9975575804710388,100,100.0,1
1749305059000000000,AAPL,XNAS,1,1,0.9962117671966553,100,100.0,1
1749305059000000000,AAPL,XNAS,1,-1,0.9975077509880066,100,200.0,1
1749305059000000000,AAPL,XNAS,2,1,0.9961618781089783,100,100.0,1
1749305059000000000,AAPL,XNAS,2,-1,0.9975575804710388,100,100.0,1
1749305060000000000,AAPL,XNAS,1,1,0.9963114261627197,100,100.0,1
1749305060000000000,AAPL,XNAS,1,-1,0.9971089363098145,100,100.0,1
1749305060000000000,AAPL,XNAS,2,1,0.9962615966796875,100,49.0,1
1749305060000000000,AAPL,XNAS,2,-1,0.9971588253974915,100,100.0,1
1749305061000000000,AAPL,XNAS,1,1,0.9963114261627197,100,100.0,1
1749305061000000000,AAPL,XNAS,1,-1,0.9972086548805237,100,200.0,1
1749305061000000000,AAPL,XNAS,2,1,0.9962615966796875,100,49.0,1
1749305061000000000,AAPL,XNAS,2,-1,0.9972584843635559,100,100.0,1
1749305065000000000,AAPL,XNAS,1,1,0.9963114261627197,100,100.0,1
1749305065000000000,AAPL,XNAS,1,-1,0.9972086548805237,100,100.0,1
1749305065000000000,AAPL,XNAS,2,1,0.9962615966796875,100,49.0,1
1749305065000000000,AAPL,XNAS,2,-1,0.9972584843635559,100,100.0,1
1749305066000000000,AAPL,XNAS,1,1,0.9963114261627197,100,100.0,1
1749305066000000000,AAPL,XNAS,1,-1,0.9971588253974915,100,100.0,1
1749305066000000000,AAPL,XNAS,2,1,0.9962615966796875,100,49.0,1
1749305066000000000,AAPL,XNAS,2,-1,0.9972086548805237,100,100.0,1
1749305067000000000,AAPL,XNAS,1,1,0.996411144733429,100,149.0,1
1749305067000000000,AAPL,XNAS,1,-1,0.9972086548805237,100,100.0,1
1749305067000000000,AAPL,XNAS,2,1,0.996361255645752,100,49.0,1
1749305067000000000,AAPL,XNAS,2,-1,0.9972584843635559,100,100.0,1
1749305068000000000,AAPL,XNAS,1,1,0.996411144733429,100,149.0,1
1749305068000000000,AAPL,XNAS,1,-1,0.9971588253974915,100,2.0,1
1749305068000000000,AAPL,XNAS,2,1,0.996361255645752,100,49.0,1
1749305068000000000,AAPL,XNAS,2,-1,0.9972086548805237,100,100.0,1
1749305073000000000,AAPL,XNAS,1,1,0.996411144733429,100,149.0,1
1749305073000000000,AAPL,XNAS,1,-1,0.9971588253974915,100,2.0,1
1749305073000000000,AAPL,XNAS,2,1,0.996361255645752,100,49.0,1
1749305073000000000,AAPL,XNAS,2,-1,0.9972086548805237,100,200.0,1
1749305074000000000,AAPL,XNAS,1,1,0.996361255645752,100,49.0,1
1749305074000000000,AAPL,XNAS,1,-1,0.9968098998069763,100,1.0,1
1749305074000000000,AAPL,XNAS,2,1,0.9962615966796875,100,49.0,1
1749305074000000000,AAPL,XNAS,2,-1,0.9972086548805237,100,200.0,1
1749305075000000000,AAPL,XNAS,1,1,0.9959126710891724,100,100.0,1
1749305075000000000,AAPL,XNAS,1,-1,0.9968098998069763,100,1.0,1
1749305075000000000,AAPL,XNAS,2,1,0.9958628416061401,100,39.0,1
1749305075000000000,AAPL,XNAS,2,-1,0.9972086548805237,100,300.0,2
1749305076000000000,AAPL,XNAS,1,1,0.9963114261627197,100,1.0,1
1749305076000000000,AAPL,XNAS,1,-1,0.9968098998069763,100,1.0,1
1749305076000000000,AAPL,XNAS,2,1,0.9959625005722046,100,39.0,1
1749305076000000000,AAPL,XNAS,2,-1,0.9971588253974915,100,2.0,1
1749305079000000000,AAPL,XNAS,1,1,0.9963114261627197,100,1.0,1
1749305079000000000,AAPL,XNAS,1,-1,0.9968098998069763,100,1.0,1
1749305079000000000,AAPL,XNAS,2,1,0.9959625005722046,100,39.0,1
1749305079000000000,AAPL,XNAS,2,-1,0.9971588253974915,100,102.0,1
1749305080000000000,AAPL,XNAS,1,1,0.9962615966796875,100,100.0,1
1749305080000000000,AAPL,XNAS,1,-1,0.9968098998069763,100,1.0,1
1749305080000000000,AAPL,XNAS,2,1,0.9962117671966553,100,1.0,1
1749305080000000000,AAPL,XNAS,2,-1,0.9971588253974915,100,102.0,1
1749305081000000000,AAPL,XNAS,1,1,0.9962615966796875,100,1.0,1
1749305081000000000,AAPL,XNAS,1,-1,0.9968098998069763,100,1.0,1
1749305081000000000,AAPL,XNAS,2,1,0.9959625005722046,100,39.0,1
1749305081000000000,AAPL,XNAS,2,-1,0.9971588253974915,100,102.0,1
1749305082000000000,AAPL,XNAS,1,1,0.9962117671966553,100,100.0,1
1749305082000000000,AAPL,XNAS,1,-1,0.9968098998069763,100,1.0,1
1749305082000000000,AAPL,XNAS,2,1,0.9961618781089783,100,1.0,1
1749305082000000000,AAPL,XNAS,2,-1,0.9971588253974915,100,102.0,1
1749305083000000000,AAPL,XNAS,1,1,0.9962615966796875,100,1.0,1
1749305083000000000,AAPL,XNAS,1,-1,0.9968098998069763,100,1.0,1
1749305083000000000,AAPL,XNAS,2,1,0.9959625005722046,100,39.0,1
1749305083000000000,AAPL,XNAS,2,-1,0.9971588253974915,100,102.0,1
1749305084000000000,AAPL,XNAS,1,1,0.9962615966796875,100,100.0,1
1749305084000000000,AAPL,XNAS,1,-1,0.9968098998069763,100,1.0,1
1749305084000000000,AAPL,XNAS,2,1,0.9962117671966553,100,49.0,1
1749305084000000000,AAPL,XNAS,2,-1,0.9971089363098145,100,105.0,1
1749305086000000000,AAPL,XNAS,1,1,0.9963114261627197,100,1.0,1
1749305086000000000,AAPL,XNAS,1,-1,0.9968098998069763,100,1.0,1
1749305086000000000,AAPL,XNAS,2,1,0.9962117671966553,100,49.0,1
1749305086000000000,AAPL,XNAS,2,-1,0.9971089363098145,100,105.0,1
1749305087000000000,AAPL,XNAS,1,1,0.9961618781089783,100,1.0,1
1749305087000000000,AAPL,XNAS,1,-1,0.9966603517532349,100,1.0,1
1749305087000000000,AAPL,XNAS,2,1,0.9958628416061401,100,39.0,1
1749305087000000000,AAPL,XNAS,2,-1,0.9968098998069763,100,1.0,1
1749305088000000000,AAPL,XNAS,1,1,0.9961618781089783,100,1.0,1
1749305088000000000,AAPL,XNAS,1,-1,0.9966603517532349,100,1.0,1
1749305088000000000,AAPL,XNAS,2,1,0.9958628416061401,100,39.0,1
1749305088000000000,AAPL,XNAS,2,-1,0.9968098998069763,100,101.0,1
1749305089000000000,AAPL,XNAS,1,1,0.9958129525184631,100,1.0,1
1749305089000000000,AAPL,XNAS,1,-1,0.996411144733429,100,100.0,1
1749305089000000000,AAPL,XNAS,2,1,0.9957631230354309,100,1.0,1
1749305089000000000,AAPL,XNAS,2,-1,0.9964609742164612,100,27.0,1
1749305090000000000,AAPL,XNAS,1,1,0.9955637454986572,100,100.0,1
1749305090000000000,AAPL,XNAS,1,-1,0.9960622191429138,100,1.0,1
1749305090000000000,AAPL,XNAS,2,1,0.995513916015625,100,8.0,1
1749305090000000000,AAPL,XNAS,2,-1,0.9964609742164612,100,27.0,1
1749305092000000000,AAPL,XNAS,1,1,0.9955637454986572,100,449.0,3
1749305092000000000,AAPL,XNAS,1,-1,0.9964609742164612,100,300.0,2
1749305092000000000,AAPL,XNAS,2,1,0.995513916015625,100,8.0,1
1749305092000000000,AAPL,XNAS,2,-1,0.9965108036994934,100,8.0,1
1749305093000000000,AAPL,XNAS,1,1,0.9955637454986572,100,249.0,2
1749305093000000000,AAPL,XNAS,1,-1,0.9964609742164612,100,400.0,3
1749305093000000000,AAPL,XNAS,2,1,0.9954141974449158,100,200.0,1
1749305093000000000,AAPL,XNAS,2,-1,0.9965108036994934,100,8.0,1
1749305095000000000,AAPL,XNAS,1,1,0.9955637454986572,100,249.0,2
1749305095000000000,AAPL,XNAS,1,-1,0.9963114261627197,100,100.0,1
1749305095000000000,AAPL,XNAS,2,1,0.9954141974449158,100,200.0,1
1749305095000000000,AAPL,XNAS,2,-1,0.996361255645752,100,100.0,1
1749305096000000000,AAPL,XNAS,1,1,0.9956135749816895,100,200.0,1
1749305096000000000,AAPL,XNAS,1,-1,0.9963114261627197,100,200.0,1
1749305096000000000,AAPL,XNAS,2,1,0.9955637454986572,100,249.0,2
1749305096000000000,AAPL,XNAS,2,-1,0.996361255645752,100,100.0,1
1749305099000000000,AAPL,XNAS,1,1,0.9957132935523987,100,100.0,1
1749305099000000000,AAPL,XNAS,1,-1,0.9962615966796875,100,1.0,1
1749305099000000000,AAPL,XNAS,2,1,0.9956634640693665,100,300.0,2
1749305099000000000,AAPL,XNAS,2,-1,0.9963114261627197,100,100.0,1
1749305100000000000,AAPL,XNAS,1,1,0.9957132935523987,100,100.0,1
1749305100000000000,AAPL,XNAS,1,-1,0.9963114261627197,100,100.0,1
1749305100000000000,AAPL,XNAS,2,1,0.9956634640693665,100,300.0,2
1749305100000000000,AAPL,XNAS,2,-1,0.996361255645752,100,100.0,1
1749305101000000000,AAPL,XNAS,1,1,0.9957132935523987,100,300.0,2
1749305101000000000,AAPL,XNAS,1,-1,0.9963114261627197,100,100.0,1
1749305101000000000,AAPL,XNAS,2,1,0.9956634640693665,100,300.0,2
1749305101000000000,AAPL,XNAS,2,-1,0.996361255645752,100,100.0,1
1749305102000000000,AAPL,XNAS,1,1,0.996112048625946,100,100.0,1
1749305102000000000,AAPL,XNAS,1,-1,0.9964609742164612,100,200.0,1
1749305102000000000,AAPL,XNAS,2,1,0.9960622191429138,100,100.0,1
1749305102000000000,AAPL,XNAS,2,-1,0.9968597292900085,100,100.0,1
1749305103000000000,AAPL,XNAS,1,1,0.996112048625946,100,100.0,1
1749305103000000000,AAPL,XNAS,1,-1,0.9964609742164612,100,200.0,1
1749305103000000000,AAPL,XNAS,2,1,0.9960622191429138,100,100.0,1
1749305103000000000,AAPL,XNAS,2,-1,0.9966603517532349,100,100.0,1
1749305104000000000,AAPL,XNAS,1,1,0.996112048625946,100,100.0,1
1749305104000000000,AAPL,XNAS,1,-1,0.9964609742164612,100,200.0,1
1749305104000000000,AAPL,XNAS,2,1,0.9960622191429138,100,100.0,1
1749305104000000000,AAPL,XNAS,2,-1,0.9966603517532349,100,237.0,1
1749305105000000000,AAPL,XNAS,1,1,0.9961618781089783,100,100.0,1
1749305105000000000,AAPL,XNAS,1,-1,0.9964609742164612,100,200.0,1
1749305105000000000,AAPL,XNAS,2,1,0.996112048625946,100,200.0,1
1749305105000000000,AAPL,XNAS,2,-1,0.9966603517532349,100,237.0,1
1749305108000000000,AAPL,XNAS,1,1,0.9961618781089783,100,100.0,1
1749305108000000000,AAPL,XNAS,1,-1,0.9964609742164612,100,200.0,1
1749305108000000000,AAPL,XNAS,2,1,0.996112048625946,100,200.0,1
1749305108000000000,AAPL,XNAS,2,-1,0.9966105222702026,100,3.0,1
1749305109000000000,AAPL,XNAS,1,1,0.996112048625946,100,80.0,1
1749305109000000000,AAPL,XNAS,1,-1,0.996411144733429,100,100.0,1
1749305109000000000,AAPL,XNAS,2,1,0.9960622191429138,100,400.0,3
1749305109000000000,AAPL,XNAS,2,-1,0.9964609742164612,100,200.0,1
1749305110000000000,AAPL,XNAS,1,1,0.996112048625946,100,82.0,1
1749305110000000000,AAPL,XNAS,1,-1,0.996411144733429,100,3.0,1
1749305110000000000,AAPL,XNAS,2,1,0.9960622191429138,100,400.0,3
1749305110000000000,AAPL,XNAS,2,-1,0.9964609742164612,100,200.0,1
1749305111000000000,AAPL,XNAS,1,1,0.9961618781089783,100,100.0,1
1749305111000000000,AAPL,XNAS,1,-1,0.9963114261627197,100,5.0,1
1749305111000000000,AAPL,XNAS,2,1,0.996112048625946,100,82.0,1
1749305111000000000,AAPL,XNAS,2,-1,0.9964609742164612,100,200.0,1
1749305112000000000,AAPL,XNAS,1,1,0.9961618781089783,100,100.0,1
1749305112000000000,AAPL,XNAS,1,-1,0.9964609742164612,100,200.0,1
1749305112000000000,AAPL,XNAS,2,1,0.996112048625946,100,82.0,1
1749305112000000000,AAPL,XNAS,2,-1,0.9966603517532349,100,237.0,1
1749305113000000000,AAPL,XNAS,1,1,0.9961618781089783,100,600.0,5
1749305113000000000,AAPL,XNAS,1,-1,0.9964609742164612,100,200.0,1
1749305113000000000,AAPL,XNAS,2,1,0.996112048625946,100,82.0,1
1749305113000000000,AAPL,XNAS,2,-1,0.9966603517532349,100,237.0,1
1749305114000000000,AAPL,XNAS,1,1,0.9961618781089783,100,500.0,4
1749305114000000000,AAPL,XNAS,1,-1,0.9964609742164612,100,200.0,1
1749305114000000000,AAPL,XNAS,2,1,0.996112048625946,100,82.0,1
1749305114000000000,AAPL,XNAS,2,-1,0.9966603517532349,100,237.0,1
1749305115000000000,AAPL,XNAS,1,1,0.9961618781089783,100,200.0,1
1749305115000000000,AAPL,XNAS,1,-1,0.9964609742164612,100,200.0,1
1749305115000000000,AAPL,XNAS,2,1,0.996112048625946,100,82.0,1
1749305115000000000,AAPL,XNAS,2,-1,0.9966603517532349,100,237.0,1
1749305118000000000,AAPL,XNAS,1,1,0.996361255645752,100,100.0,1
1749305118000000000,AAPL,XNAS,1,-1,0.9966603517532349,100,237.0,1
1749305118000000000,AAPL,XNAS,2,1,0.9961618781089783,100,300.0,2
1749305118000000000,AAPL,XNAS,2,-1,0.9969095587730408,100,100.0,1
1749305119000000000,AAPL,XNAS,1,1,0.996361255645752,100,200.0,1
1749305119000000000,AAPL,XNAS,1,-1,0.9966603517532349,100,237.0,1
1749305119000000000,AAPL,XNAS,2,1,0.9961618781089783,100,500.0,4
1749305119000000000,AAPL,XNAS,2,-1,0.9969095587730408,100,100.0,1
1749305122000000000,AAPL,XNAS,1,1,0.996361255645752,100,100.0,1
1749305122000000000,AAPL,XNAS,1,-1,0.9966603517532349,100,99.0,1
1749305122000000000,AAPL,XNAS,2,1,0.9961618781089783,100,500.0,4
1749305122000000000,AAPL,XNAS,2,-1,0.9971588253974915,100,2.0,1
1749305123000000000,AAPL,XNAS,1,1,0.996361255645752,100,100.0,1
1749305123000000000,AAPL,XNAS,1,-1,0.9969594478607178,100,200.0,1
1749305123000000000,AAPL,XNAS,2,1,0.9961618781089783,100,500.0,4
1749305123000000000,AAPL,XNAS,2,-1,0.99700927734375,100,100.0,1
1749305124000000000,AAPL,XNAS,1,1,0.996411144733429,100,100.0,1
1749305124000000000,AAPL,XNAS,1,-1,0.9971089363098145,100,100.0,1
1749305124000000000,AAPL,XNAS,2,1,0.9961618781089783,100,527.0,4
1749305124000000000,AAPL,XNAS,2,-1,0.9971588253974915,100,2.0,1
1749305125000000000,AAPL,XNAS,1,1,0.996411144733429,100,100.0,1
1749305125000000000,AAPL,XNAS,1,-1,0.9971089363098145,100,100.0,1
1749305125000000000,AAPL,XNAS,2,1,0.9961618781089783,100,527.0,4
1749305125000000000,AAPL,XNAS,2,-1,0.9971588253974915,100,11.0,1
1749305129000000000,AAPL,XNAS,1,1,0.996411144733429,100,100.0,1
1749305129000000000,AAPL,XNAS,1,-1,0.9971089363098145,100,100.0,1
1749305129000000000,AAPL,XNAS,2,1,0.9961618781089783,100,427.0,3
1749305129000000000,AAPL,XNAS,2,-1,0.9971588253974915,100,11.0,1
1749305131000000000,AAPL,XNAS,1,1,0.9966603517532349,100,100.0,1
1749305131000000000,AAPL,XNAS,1,-1,0.9971588253974915,100,11.0,1
1749305131000000000,AAPL,XNAS,2,1,0.9964609742164612,100,146.0,1
1749305131000000000,AAPL,XNAS,2,-1,0.9974578619003296,100,40.0,1
1749305132000000000,AAPL,XNAS,1,1,0.9964609742164612,100,100.0,1
1749305132000000000,AAPL,XNAS,1,-1,0.9971588253974915,100,11.0,1
1749305132000000000,AAPL,XNAS,2,1,0.996411144733429,100,100.0,1
1749305132000000000,AAPL,XNAS,2,-1,0.9974578619003296,100,40.0,1
1749305133000000000,AAPL,XNAS,1,1,0.9965108036994934,100,100.0,1
1749305133000000000,AAPL,XNAS,1,-1,0.9971089363098145,100,100.0,1
1749305133000000000,AAPL,XNAS,2,1,0.9961618781089783,100,527.0,4
1749305133000000000,AAPL,XNAS,2,-1,0.9971588253974915,100,11.0,1
1749305135000000000,AAPL,XNAS,1,1,0.9965108036994934,100,100.0,1
1749305135000000000,AAPL,XNAS,1,-1,0.9971089363098145,100,100.0,1
1749305135000000000,AAPL,XNAS,2,1,0.9961618781089783,100,727.0,6
1749305135000000000,AAPL,XNAS,2,-1,0.9971588253974915,100,11.0,1
1749305139000000000,AAPL,XNAS,1,1,0.9965108036994934,100,100.0,1
1749305139000000000,AAPL,XNAS,1,-1,0.9971089363098145,100,208.0,1
1749305139000000000,AAPL,XNAS,2,1,0.9961618781089783,100,727.0,6
1749305139000000000,AAPL,XNAS,2,-1,0.9971588253974915,100,11.0,1
1749305141000000000,AAPL,XNAS,1,1,0.9965108036994934,100,100.0,1
1749305141000000000,AAPL,XNAS,1,-1,0.99700927734375,100,100.0,1
1749305141000000000,AAPL,XNAS,2,1,0.9961618781089783,100,700.0,5
1749305141000000000,AAPL,XNAS,2,-1,0.9970591068267822,100,100.0,1
1749305146000000000,AAPL,XNAS,1,1,0.9965108036994934,100,100.0,1
1749305146000000000,AAPL,XNAS,1,-1,0.9971089363098145,100,108.0,1
1749305146000000000,AAPL,XNAS,2,1,0.9961618781089783,100,725.0,6
1749305146000000000,AAPL,XNAS,2,-1,0.9971588253974915,100,11.0,1
1749305147000000000,AAPL,XNAS,1,1,0.9965108036994934,100,100.0,1
1749305147000000000,AAPL,XNAS,1,-1,0.9970591068267822,100,100.0,1
1749305147000000000,AAPL,XNAS,2,1,0.9961618781089783,100,725.0,6
1749305147000000000,AAPL,XNAS,2,-1,0.9971089363098145,100,108.0,1
1749305148000000000,AAPL,XNAS,1,1,0.9965108036994934,100,100.0,1
1749305148000000000,AAPL,XNAS,1,-1,0.9970591068267822,100,100.0,1
1749305148000000000,AAPL,XNAS,2,1,0.9961618781089783,100,725.0,6
1749305148000000000,AAPL,XNAS,2,-1,0.9971089363098145,100,111.0,1
1749305149000000000,AAPL,XNAS,1,1,0.9965108036994934,100,100.0,1
1749305149000000000,AAPL,XNAS,1,-1,0.9969594478607178,100,100.0,1
1749305149000000000,AAPL,XNAS,2,1,0.9961618781089783,100,725.0,6
1749305149000000000,AAPL,XNAS,2,-1,0.99700927734375,100,3.0,1
1749305150000000000,AAPL,XNAS,1,1,0.9965108036994934,100,100.0,1
1749305150000000000,AAPL,XNAS,1,-1,0.9970591068267822,100,100.0,1
1749305150000000000,AAPL,XNAS,2,1,0.9961618781089783,100,725.0,6
1749305150000000000,AAPL,XNAS,2,-1,0.9971089363098145,100,108.0,1
1749305151000000000,AAPL,XNAS,1,1,0.9965108036994934,100,100.0,1
1749305151000000000,AAPL,XNAS,1,-1,0.9970591068267822,100,100.0,1
1749305151000000000,AAPL,XNAS,2,1,0.9961618781089783,100,725.0,6
1749305151000000000,AAPL,XNAS,2,-1,0.9971089363098145,100,108.0,1
1749305152000000000,AAPL,XNAS,1,1,0.9965108036994934,100,100.0,1
1749305152000000000,AAPL,XNAS,1,-1,0.9970591068267822,100,100.0,1
1749305152000000000,AAPL,XNAS,2,1,0.9961618781089783,100,825.0,6
1749305152000000000,AAPL,XNAS,2,-1,0.9971089363098145,100,108.0,1
1749305154000000000,AAPL,XNAS,1,1,0.9967101812362671,100,20.0,1
1749305154000000000,AAPL,XNAS,1,-1,0.9971089363098145,100,108.0,1
1749305154000000000,AAPL,XNAS,2,1,0.9965108036994934,100,100.0,1
1749305154000000000,AAPL,XNAS,2,-1,0.9971588253974915,100,11.0,1
1749305158000000000,AAPL,XNAS,1,1,0.9967101812362671,100,20.0,1
1749305158000000000,AAPL,XNAS,1,-1,0.9971089363098145,100,108.0,1
1749305158000000000,AAPL,XNAS,2,1,0.9965606331825256,100,100.0,1
1749305158000000000,AAPL,XNAS,2,-1,0.9971588253974915,100,11.0,1
1749305162000000000,AAPL,XNAS,1,1,0.9967101812362671,100,20.0,1
1749305162000000000,AAPL,XNAS,1,-1,0.9971089363098145,100,108.0,1
1749305162000000000,AAPL,XNAS,2,1,0.9966105222702026,100,100.0,1
1749305162000000000,AAPL,XNAS,2,-1,0.9971588253974915,100,11.0,1
1749305165000000000,AAPL,XNAS,1,1,0.9967101812362671,100,10.0,1
1749305165000000000,AAPL,XNAS,1,-1,0.9970591068267822,100,100.0,1
1749305165000000000,AAPL,XNAS,2,1,0.9966105222702026,100,100.0,1
1749305165000000000,AAPL,XNAS,2,-1,0.9971089363098145,100,208.0,1
1749305170000000000,AAPL,XNAS,1,1,0.9967101812362671,100,14.0,1
1749305170000000000,AAPL,XNAS,1,-1,0.9971089363098145,100,208.0,1
1749305170000000000,AAPL,XNAS,2,1,0.9966603517532349,100,100.0,1
1749305170000000000,AAPL,XNAS,2,-1,0.9971588253974915,100,11.0,1
1749305175000000000,AAPL,XNAS,1,1,0.9967101812362671,100,14.0,1
1749305175000000000,AAPL,XNAS,1,-1,0.9971089363098145,100,208.0,1
1749305175000000000,AAPL,XNAS,2,1,0.9966603517532349,100,100.0,1
1749305175000000000,AAPL,XNAS,2,-1,0.9971588253974915,100,11.0,1
1749305176000000000,AAPL,XNAS,1,1,0.9967101812362671,100,14.0,1
1749305176000000000,AAPL,XNAS,1,-1,0.9971089363098145,100,208.0,1
1749305176000000000,AAPL,XNAS,2,1,0.9966603517532349,100,100.0,1
1749305176000000000,AAPL,XNAS,2,-1,0.9971588253974915,100,11.0,1
1749305181000000000,AAPL,XNAS,1,1,0.9970591068267822,100,69.0,1
1749305181000000000,AAPL,XNAS,1,-1,0.9971588253974915,100,9.0,1
1749305181000000000,AAPL,XNAS,2,1,0.9967600703239441,100,200.0,1
1749305181000000000,AAPL,XNAS,2,-1,0.9973582029342651,100,3.0,1
1749305182000000000,AAPL,XNAS,1,1,0.9970591068267822,100,20.0,1
1749305182000000000,AAPL,XNAS,1,-1,0.9971588253974915,100,9.0,1
1749305182000000000,AAPL,XNAS,2,1,0.9968098998069763,100,100.0,1
1749305182000000000,AAPL,XNAS,2,-1,0.9973582029342651,100,3.0,1
1749305183000000000,AAPL,XNAS,1,1,0.9968098998069763,100,100.0,1
1749305183000000000,AAPL,XNAS,1,-1,0.9971588253974915,100,9.0,1
1749305183000000000,AAPL,XNAS,2,1,0.9967600703239441,100,200.0,1
1749305183000000000,AAPL,XNAS,2,-1,0.9973582029342651,100,3.0,1
1749305184000000000,AAPL,XNAS,1,1,0.9968098998069763,100,100.0,1
1749305184000000000,AAPL,XNAS,1,-1,0.9971588253974915,100,9.0,1
1749305184000000000,AAPL,XNAS,2,1,0.9967101812362671,100,104.0,1
1749305184000000000,AAPL,XNAS,2,-1,0.9972584843635559,100,3.0,1
1749305185000000000,AAPL,XNAS,1,1,0.9968098998069763,100,100.0,1
1749305185000000000,AAPL,XNAS,1,-1,0.9970591068267822,100,3.0,1
1749305185000000000,AAPL,XNAS,2,1,0.9967101812362671,100,104.0,1
1749305185000000000,AAPL,XNAS,2,-1,0.9971588253974915,100,9.0,1
1749305186000000000,AAPL,XNAS,1,1,0.9968098998069763,100,100.0,1
1749305186000000000,AAPL,XNAS,1,-1,0.9969594478607178,100,3.0,1
1749305186000000000,AAPL,XNAS,2,1,0.9967101812362671,100,104.0,1
1749305186000000000,AAPL,XNAS,2,-1,0.9971588253974915,100,9.0,1
1749305187000000000,AAPL,XNAS,1,1,0.9968098998069763,100,200.0,1
1749305187000000000,AAPL,XNAS,1,-1,0.9971588253974915,100,9.0,1
1749305187000000000,AAPL,XNAS,2,1,0.9967101812362671,100,104.0,1
1749305187000000000,AAPL,XNAS,2,-1,0.9973582029342651,100,25.0,1
1749305188000000000,AAPL,XNAS,1,1,0.9968098998069763,100,200.0,1
1749305188000000000,AAPL,XNAS,1,-1,0.9971588253974915,100,9.0,1
1749305188000000000,AAPL,XNAS,2,1,0.9967101812362671,100,104.0,1
1749305188000000000,AAPL,XNAS,2,-1,0.9974578619003296,100,40.0,1
1749305197000000000,AAPL,XNAS,1,1,0.9968098998069763,100,200.0,1
1749305197000000000,AAPL,XNAS,1,-1,0.9974578619003296,100,40.0,1
1749305197000000000,AAPL,XNAS,2,1,0.9967101812362671,100,104.0,1
1749305197000000000,AAPL,XNAS,2,-1,0.9976572394371033,100,100.0,1
1749305199000000000,AAPL,XNAS,1,1,0.9969095587730408,100,100.0,1
1749305199000000000,AAPL,XNAS,1,-1,0.9974578619003296,100,40.0,1
1749305199000000000,AAPL,XNAS,2,1,0.9968098998069763,100,100.0,1
1749305199000000000,AAPL,XNAS,2,-1,0.9976572394371033,100,100.0,1
1749305200000000000,AAPL,XNAS,1,1,0.9969095587730408,100,200.0,1
1749305200000000000,AAPL,XNAS,1,-1,0.9974080324172974,100,2.0,1
1749305200000000000,AAPL,XNAS,2,1,0.9967101812362671,100,104.0,1
1749305200000000000,AAPL,XNAS,2,-1,0.9974578619003296,100,40.0,1
1749305201000000000,AAPL,XNAS,1,1,0.9969594478607178,100,100.0,1
1749305201000000000,AAPL,XNAS,1,-1,0.9974080324172974,100,2.0,1
1749305201000000000,AAPL,XNAS,2,1,0.9969095587730408,100,200.0,1
1749305201000000000,AAPL,XNAS,2,-1,0.9974578619003296,100,40.0,1
1749305202000000000,AAPL,XNAS,1,1,0.9971588253974915,100,6.0,1
1749305202000000000,AAPL,XNAS,1,-1,0.9974080324172974,100,2.0,1
1749305202000000000,AAPL,XNAS,2,1,0.9969095587730408,100,200.0,1
1749305202000000000,AAPL,XNAS,2,-1,0.9974578619003296,100,40.0,1
1749305203000000000,AAPL,XNAS,1,1,0.9971588253974915,100,6.0,1
1749305203000000000,AAPL,XNAS,1,-1,0.997856616973877,100,100.0,1
1749305203000000000,AAPL,XNAS,2,1,0.9969095587730408,100,200.0,1
1749305203000000000,AAPL,XNAS,2,-1,0.997906506061554,100,3.0,1
1749305205000000000,AAPL,XNAS,1,1,0.9971588253974915,100,6.0,1
1749305205000000000,AAPL,XNAS,1,-1,0.997856616973877,100,100.0,1
1749305205000000000,AAPL,XNAS,2,1,0.9970591068267822,100,101.0,1
1749305205000000000,AAPL,XNAS,2,-1,0.997906506061554,100,4.0,1
1749305207000000000,AAPL,XNAS,1,1,0.9971588253974915,100,6.0,1
1749305207000000000,AAPL,XNAS,1,-1,0.9978067874908447,100,26.0,1
1749305207000000000,AAPL,XNAS,2,1,0.9970591068267822,100,101.0,1
1749305207000000000,AAPL,XNAS,2,-1,0.997906506061554,100,4.0,1
1749305210000000000,AAPL,XNAS,1,1,0.9971588253974915,100,6.0,1
1749305210000000000,AAPL,XNAS,1,-1,0.997906506061554,100,4.0,1
1749305210000000000,AAPL,XNAS,2,1,0.9971089363098145,100,69.0,1
1749305210000000000,AAPL,XNAS,2,-1,0.9981058835983276,100,97.0,1
1749305211000000000,AAPL,XNAS,1,1,0.9972584843635559,100,49.0,1
1749305211000000000,AAPL,XNAS,1,-1,0.997906506061554,100,4.0,1
1749305211000000000,AAPL,XNAS,2,1,0.9972086548805237,100,118.0,1
1749305211000000000,AAPL,XNAS,2,-1,0.9981058835983276,100,97.0,1
1749305212000000000,AAPL,XNAS,1,1,0.9972584843635559,100,49.0,1
1749305212000000000,AAPL,XNAS,1,-1,0.997906506061554,100,3.0,1
1749305212000000000,AAPL,XNAS,2,1,0.9972086548805237,100,218.0,1
1749305212000000000,AAPL,XNAS,2,-1,0.9980061650276184,100,1.0,1
1749305214000000000,AAPL,XNAS,1,1,0.9972584843635559,100,49.0,1
1749305214000000000,AAPL,XNAS,1,-1,0.997906506061554,100,3.0,1
1749305214000000000,AAPL,XNAS,2,1,0.9972086548805237,100,149.0,1
1749305214000000000,AAPL,XNAS,2,-1,0.9980061650276184,100,1.0,1
1749305228000000000,AAPL,XNAS,1,1,0.9972584843635559,100,49.0,1
1749305228000000000,AAPL,XNAS,1,-1,0.997906506061554,100,3.0,1
1749305228000000000,AAPL,XNAS,2,1,0.9972086548805237,100,149.0,1
1749305228000000000,AAPL,XNAS,2,-1,0.9980061650276184,100,4.0,1
1749305229000000000,AAPL,XNAS,1,1,0.9972584843635559,100,49.0,1
1749305229000000000,AAPL,XNAS,1,-1,0.997906506061554,100,3.0,1
1749305229000000000,AAPL,XNAS,2,1,0.9972086548805237,100,149.0,1
1749305229000000000,AAPL,XNAS,2,-1,0.9980061650276184,100,1.0,1
1749305230000000000,AAPL,XNAS,1,1,0.9972584843635559,100,49.0,1
1749305230000000000,AAPL,XNAS,1,-1,0.997906506061554,100,5.0,1
1749305230000000000,AAPL,XNAS,2,1,0.9972086548805237,100,149.0,1
1749305230000000000,AAPL,XNAS,2,-1,0.9980061650276184,100,1.0,1
1749305231000000000,AAPL,XNAS,1,1,0.9972086548805237,100,100.0,1
1749305231000000000,AAPL,XNAS,1,-1,0.997856616973877,100,100.0,1
1749305231000000000,AAPL,XNAS,2,1,0.9971588253974915,100,6.0,1
1749305231000000000,AAPL,XNAS,2,-1,0.997906506061554,100,6.0,1
1749305232000000000,AAPL,XNAS,1,1,0.9969095587730408,100,100.0,1
1749305232000000000,AAPL,XNAS,1,-1,0.9977071285247803,100,100.0,1
1749305232000000000,AAPL,XNAS,2,1,0.9966105222702026,100,125.0,1
1749305232000000000,AAPL,XNAS,2,-1,0.9977569580078125,100,100.0,1
1749305234000000000,AAPL,XNAS,1,1,0.9969095587730408,100,100.0,1
1749305234000000000,AAPL,XNAS,1,-1,0.997607409954071,100,100.0,1
1749305234000000000,AAPL,XNAS,2,1,0.9966105222702026,100,125.0,1
1749305234000000000,AAPL,XNAS,2,-1,0.9976572394371033,100,1.0,1
1749305235000000000,AAPL,XNAS,1,1,0.9969095587730408,100,100.0,1
1749305235000000000,AAPL,XNAS,1,-1,0.9976572394371033,100,1.0,1
1749305235000000000,AAPL,XNAS,2,1,0.9966105222702026,100,125.0,1
1749305235000000000,AAPL,XNAS,2,-1,0.9977569580078125,100,100.0,1
1749305238000000000,AAPL,XNAS,1,1,0.9969095587730408,100,100.0,1
1749305238000000000,AAPL,XNAS,1,-1,0.9975077509880066,100,2.0,1
1749305238000000000,AAPL,XNAS,2,1,0.9966105222702026,100,125.0,1
1749305238000000000,AAPL,XNAS,2,-1,0.997607409954071,100,1.0,1
1749305239000000000,AAPL,XNAS,1,1,0.9969095587730408,100,100.0,1
1749305239000000000,AAPL,XNAS,1,-1,0.9975077509880066,100,2.0,1
1749305239000000000,AAPL,XNAS,2,1,0.9966105222702026,100,125.0,1
1749305239000000000,AAPL,XNAS,2,-1,0.9976572394371033,100,1.0,1
1749305240000000000,AAPL,XNAS,1,1,0.9969594478607178,100,49.0,1
1749305240000000000,AAPL,XNAS,1,-1,0.9975575804710388,100,1.0,1
1749305240000000000,AAPL,XNAS,2,1,0.9969095587730408,100,100.0,1
1749305240000000000,AAPL,XNAS,2,-1,0.9977569580078125,100,100.0,1
1749305241000000000,AAPL,XNAS,1,1,0.9971089363098145,100,6.0,1
1749305241000000000,AAPL,XNAS,1,-1,0.997607409954071,100,1.0,1
1749305241000000000,AAPL,XNAS,2,1,0.9969594478607178,100,49.0,1
1749305241000000000,AAPL,XNAS,2,-1,0.9977569580078125,100,100.0,1
1749305242000000000,AAPL,XNAS,1,1,0.9971089363098145,100,5.0,1
1749305242000000000,AAPL,XNAS,1,-1,0.997607409954071,100,1.0,1
1749305242000000000,AAPL,XNAS,2,1,0.9969594478607178,100,49.0,1
1749305242000000000,AAPL,XNAS,2,-1,0.9977569580078125,100,100.0,1
1749305243000000000,AAPL,XNAS,1,1,0.9971089363098145,100,5.0,1
1749305243000000000,AAPL,XNAS,1,-1,0.997607409954071,100,2.0,1
1749305243000000000,AAPL,XNAS,2,1,0.9969594478607178,100,49.0,1
1749305243000000000,AAPL,XNAS,2,-1,0.9977569580078125,100,100.0,1
1749305245000000000,AAPL,XNAS,1,1,0.9971089363098145,100,5.0,1
1749305245000000000,AAPL,XNAS,1,-1,0.9976572394371033,100,2.0,1
1749305245000000000,AAPL,XNAS,2,1,0.9969594478607178,100,49.0,1
1749305245000000000,AAPL,XNAS,2,-1,0.9977569580078125,100,100.0,1
1749305247000000000,AAPL,XNAS,1,1,0.9969594478607178,100,49.0,1
1749305247000000000,AAPL,XNAS,1,-1,0.9975077509880066,100,3.0,1
1749305247000000000,AAPL,XNAS,2,1,0.9969095587730408,100,100.0,1
1749305247000000000,AAPL,XNAS,2,-1,0.9976572394371033,100,2.0,1
1749305249000000000,AAPL,XNAS,1,1,0.9969095587730408,100,100.0,1
1749305249000000000,AAPL,XNAS,1,-1,0.997607409954071,100,100.0,1
1749305249000000000,AAPL,XNAS,2,1,0.9966105222702026,100,125.0,1
1749305249000000000,AAPL,XNAS,2,-1,0.9976572394371033,100,101.0,1
1749305250000000000,AAPL,XNAS,1,1,0.9962117671966553,100,100.0,1
1749305250000000000,AAPL,XNAS,1,-1,0.99700927734375,100,100.0,1
1749305250000000000,AAPL,XNAS,2,1,0.9961618781089783,100,825.0,6
1749305250000000000,AAPL,XNAS,2,-1,0.9970591068267822,100,100.0,1
1749305251000000000,AAPL,XNAS,1,1,0.9962117671966553,100,100.0,1
1749305251000000000,AAPL,XNAS,1,-1,0.99700927734375,100,100.0,1
1749305251000000000,AAPL,XNAS,2,1,0.9961618781089783,100,725.0,6
1749305251000000000,AAPL,XNAS,2,-1,0.9970591068267822,100,100.0,1
1749305253000000000,AAPL,XNAS,1,1,0.9962117671966553,100,100.0,1
1749305253000000000,AAPL,XNAS,1,-1,0.9969095587730408,100,3.0,1
1749305253000000000,AAPL,XNAS,2,1,0.9961618781089783,100,725.0,6
1749305253000000000,AAPL,XNAS,2,-1,0.9970591068267822,100,100.0,1
1749305254000000000,AAPL,XNAS,1,1,0.9962117671966553,100,132.0,1
1749305254000000000,AAPL,XNAS,1,-1,0.9969594478607178,100,100.0,1
1749305254000000000,AAPL,XNAS,2,1,0.9961618781089783,100,725.0,6
1749305254000000000,AAPL,XNAS,2,-1,0.99700927734375,100,100.0,1
1749305255000000000,AAPL,XNAS,1,1,0.9962615966796875,100,149.0,1
1749305255000000000,AAPL,XNAS,1,-1,0.9969095587730408,100,1.0,1
1749305255000000000,AAPL,XNAS,2,1,0.9962117671966553,100,32.0,1
1749305255000000000,AAPL,XNAS,2,-1,0.9969594478607178,100,100.0,1
1749305256000000000,AAPL,XNAS,1,1,0.9962615966796875,100,49.0,1
1749305256000000000,AAPL,XNAS,1,-1,0.9966105222702026,100,1.0,1
1749305256000000000,AAPL,XNAS,2,1,0.9962117671966553,100,32.0,1
1749305256000000000,AAPL,XNAS,2,-1,0.9969095587730408,100,1.0,1
1749305257000000000,AAPL,XNAS,1,1,0.9963114261627197,100,100.0,1
1749305257000000000,AAPL,XNAS,1,-1,0.9966105222702026,100,1.0,1
1749305257000000000,AAPL,XNAS,2,1,0.9962615966796875,100,49.0,1
1749305257000000000,AAPL,XNAS,2,-1,0.9969594478607178,100,100.0,1
1749305258000000000,AAPL,XNAS,1,1,0.9962615966796875,100,49.0,1
1749305258000000000,AAPL,XNAS,1,-1,0.9966105222702026,100,1.0,1
1749305258000000000,AAPL,XNAS,2,1,0.9962117671966553,100,32.0,1
1749305258000000000,AAPL,XNAS,2,-1,0.9969095587730408,100,1.0,1
1749305259000000000,AAPL,XNAS,1,1,0.9962615966796875,100,49.0,1
1749305259000000000,AAPL,XNAS,1,-1,0.9966105222702026,100,1.0,1
1749305259000000000,AAPL,XNAS,2,1,0.9962117671966553,100,32.0,1
1749305259000000000,AAPL,XNAS,2,-1,0.9968597292900085,100,1.0,1
1749305260000000000,AAPL,XNAS,1,1,0.9962615966796875,100,49.0,1
1749305260000000000,AAPL,XNAS,1,-1,0.9966105222702026,100,1.0,1
1749305260000000000,AAPL,XNAS,2,1,0.9962117671966553,100,32.0,1
1749305260000000000,AAPL,XNAS,2,-1,0.9968098998069763,100,1.0,1
1749305261000000000,AAPL,XNAS,1,1,0.9962615966796875,100,49.0,1
1749305261000000000,AAPL,XNAS,1,-1,0.9966105222702026,100,1.0,1
1749305261000000000,AAPL,XNAS,2,1,0.9962117671966553,100,32.0,1
1749305261000000000,AAPL,XNAS,2,-1,0.9967600703239441,100,1.0,1
1749305263000000000,AAPL,XNAS,1,1,0.9962615966796875,100,49.0,1
1749305263000000000,AAPL,XNAS,1,-1,0.9966105222702026,100,1.0,1
1749305263000000000,AAPL,XNAS,2,1,0.9962117671966553,100,32.0,1
1749305263000000000,AAPL,XNAS,2,-1,0.9967101812362671,100,3.0,1
1749305264000000000,AAPL,XNAS,1,1,0.9962117671966553,100,32.0,1
1749305264000000000,AAPL,XNAS,1,-1,0.9966105222702026,100,1.0,1
1749305264000000000,AAPL,XNAS,2,1,0.9961618781089783,100,700.0,5
1749305264000000000,AAPL,XNAS,2,-1,0.9967600703239441,100,1.0,1
1749305265000000000,AAPL,XNAS,1,1,0.9962117671966553,100,32.0,1
1749305265000000000,AAPL,XNAS,1,-1,0.9966105222702026,100,1.0,1
1749305265000000000,AAPL,XNAS,2,1,0.9961618781089783,100,700.0,5
1749305265000000000,AAPL,XNAS,2,-1,0.9968597292900085,100,1.0,1
1749305266000000000,AAPL,XNAS,1,1,0.9962117671966553,100,32.0,1
1749305266000000000,AAPL,XNAS,1,-1,0.9966105222702026,100,1.0,1
1749305266000000000,AAPL,XNAS,2,1,0.9961618781089783,100,700.0,5
1749305266000000000,AAPL,XNAS,2,-1,0.9968098998069763,100,1.0,1
1749305271000000000,AAPL,XNAS,1,1,0.9962117671966553,100,32.0,1
1749305271000000000,AAPL,XNAS,1,-1,0.9966105222702026,100,1.0,1
1749305271000000000,AAPL,XNAS,2,1,0.9961618781089783,100,700.0,5
1749305271000000000,AAPL,XNAS,2,-1,0.9967600703239441,100,1.0,1
1749305276000000000,AAPL,XNAS,1,1,0.996361255645752,100,100.0,1
1749305276000000000,AAPL,XNAS,1,-1,0.9967600703239441,100,1.0,1
1749305276000000000,AAPL,XNAS,2,1,0.9963114261627197,100,49.0,1
1749305276000000000,AAPL,XNAS,2,-1,0.9969594478607178,100,100.0,1
1749305277000000000,AAPL,XNAS,1,1,0.996361255645752,100,100.0,1
1749305277000000000,AAPL,XNAS,1,-1,0.9969594478607178,100,100.0,1
1749305277000000000,AAPL,XNAS,2,1,0.9963114261627197,100,49.0,1
1749305277000000000,AAPL,XNAS,2,-1,0.99700927734375,100,100.0,1
1749305278000000000,AAPL,XNAS,1,1,0.9964609742164612,100,100.0,1
1749305278000000000,AAPL,XNAS,1,-1,0.9969594478607178,100,100.0,1
1749305278000000000,AAPL,XNAS,2,1,0.996411144733429,100,1.0,1
1749305278000000000,AAPL,XNAS,2,-1,0.99700927734375,100,100.0,1
1749305279000000000,AAPL,XNAS,1,1,0.9962615966796875,100,100.0,1
1749305279000000000,AAPL,XNAS,1,-1,0.9969594478607178,100,100.0,1
1749305279000000000,AAPL,XNAS,2,1,0.9962117671966553,100,32.0,1
1749305279000000000,AAPL,XNAS,2,-1,0.99700927734375,100,100.0,1
1749305280000000000,AAPL,XNAS,1,1,0.9962615966796875,100,100.0,1
1749305280000000000,AAPL,XNAS,1,-1,0.9969095587730408,100,1.0,1
1749305280000000000,AAPL,XNAS,2,1,0.9962117671966553,100,32.0,1
1749305280000000000,AAPL,XNAS,2,-1,0.9969594478607178,100,100.0,1
1749305281000000000,AAPL,XNAS,1,1,0.9962615966796875,100,100.0,1
1749305281000000000,AAPL,XNAS,1,-1,0.9969095587730408,100,1.0,1
1749305281000000000,AAPL,XNAS,2,1,0.9962117671966553,100,32.0,1
1749305281000000000,AAPL,XNAS,2,-1,0.9969594478607178,100,100.0,1
1749305282000000000,AAPL,XNAS,1,1,0.9962117671966553,100,32.0,1
1749305282000000000,AAPL,XNAS,1,-1,0.9967600703239441,100,100.0,1
1749305282000000000,AAPL,XNAS,2,1,0.9961618781089783,100,700.0,5
1749305282000000000,AAPL,XNAS,2,-1,0.9969095587730408,100,25.0,1
1749305283000000000,AAPL,XNAS,1,1,0.9962117671966553,100,32.0,1
1749305283000000000,AAPL,XNAS,1,-1,0.9967600703239441,100,100.0,1
1749305283000000000,AAPL,XNAS,2,1,0.9961618781089783,100,700.0,5
1749305283000000000,AAPL,XNAS,2,-1,0.9969095587730408,100,24.0,1
1749305286000000000,AAPL,XNAS,1,1,0.9962117671966553,100,32.0,1
1749305286000000000,AAPL,XNAS,1,-1,0.9967600703239441,100,100.0,1
1749305286000000000,AAPL,XNAS,2,1,0.9961618781089783,100,700.0,5
1749305286000000000,AAPL,XNAS,2,-1,0.9969095587730408,100,26.0,1
1749305287000000000,AAPL,XNAS,1,1,0.9962117671966553,100,81.0,1
1749305287000000000,AAPL,XNAS,1,-1,0.9967600703239441,100,100.0,1
1749305287000000000,AAPL,XNAS,2,1,0.9961618781089783,100,700.0,5
1749305287000000000,AAPL,XNAS,2,-1,0.9969095587730408,100,2.0,1
1749305288000000000,AAPL,XNAS,1,1,0.9962117671966553,100,81.0,1
1749305288000000000,AAPL,XNAS,1,-1,0.9967600703239441,100,100.0,1
1749305288000000000,AAPL,XNAS,2,1,0.9961618781089783,100,700.0,5
1749305288000000000,AAPL,XNAS,2,-1,0.9968098998069763,100,2.0,1
1749305289000000000,AAPL,XNAS,1,1,0.9962117671966553,100,81.0,1
1749305289000000000,AAPL,XNAS,1,-1,0.9967101812362671,100,2.0,1
1749305289000000000,AAPL,XNAS,2,1,0.9961618781089783,100,700.0,5
1749305289000000000,AAPL,XNAS,2,-1,0.9967600703239441,100,100.0,1
1749305290000000000,AAPL,XNAS,1,1,0.9962117671966553,100,81.0,1
1749305290000000000,AAPL,XNAS,1,-1,0.9967600703239441,100,100.0,1
1749305290000000000,AAPL,XNAS,2,1,0.9961618781089783,100,700.0,5
1749305290000000000,AAPL,XNAS,2,-1,0.9969594478607178,100,100.0,1
1749305291000000000,AAPL,XNAS,1,1,0.9957132935523987,100,58.0,1
1749305291000000000,AAPL,XNAS,1,-1,0.9962117671966553,100,97.0,1
1749305291000000000,AAPL,XNAS,2,1,0.9956135749816895,100,5.0,1
1749305291000000000,AAPL,XNAS,2,-1,0.9963114261627197,100,100.0,1
1749305292000000000,AAPL,XNAS,1,1,0.9956135749816895,100,5.0,1
1749305292000000000,AAPL,XNAS,1,-1,0.9959625005722046,100,1.0,1
1749305292000000000,AAPL,XNAS,2,1,0.9954141974449158,100,8.0,1
1749305292000000000,AAPL,XNAS,2,-1,0.9962117671966553,100,2.0,1
1749305293000000000,AAPL,XNAS,1,1,0.9954141974449158,100,258.0,2
1749305293000000000,AAPL,XNAS,1,-1,0.9959625005722046,100,1.0,1
1749305293000000000,AAPL,XNAS,2,1,0.9952647089958191,100,100.0,1
1749305293000000000,AAPL,XNAS,2,-1,0.9962117671966553,100,2.0,1
1749305294000000000,AAPL,XNAS,1,1,0.9954141974449158,100,258.0,2
1749305294000000000,AAPL,XNAS,1,-1,0.9959625005722046,100,1.0,1
1749305294000000000,AAPL,XNAS,2,1,0.9952647089958191,100,124.0,1
1749305294000000000,AAPL,XNAS,2,-1,0.9960123896598816,100,3.0,1
1749305295000000000,AAPL,XNAS,1,1,0.9954141974449158,100,250.0,2
1749305295000000000,AAPL,XNAS,1,-1,0.9959625005722046,100,1.0,1
1749305295000000000,AAPL,XNAS,2,1,0.9952647089958191,100,124.0,1
1749305295000000000,AAPL,XNAS,2,-1,0.9960123896598816,100,3.0,1
1749305296000000000,AAPL,XNAS,1,1,0.9954141974449158,100,250.0,2
1749305296000000000,AAPL,XNAS,1,-1,0.9959625005722046,100,1.0,1
1749305296000000000,AAPL,XNAS,2,1,0.9952647089958191,100,100.0,1
1749305296000000000,AAPL,XNAS,2,-1,0.9960123896598816,100,3.0,1
1749305297000000000,AAPL,XNAS,1,1,0.9954141974449158,100,250.0,2
1749305297000000000,AAPL,XNAS,1,-1,0.9959625005722046,100,1.0,1
1749305297000000000,AAPL,XNAS,2,1,0.9952647089958191,100,100.0,1
1749305297000000000,AAPL,XNAS,2,-1,0.9960123896598816,100,3.0,1
1749305298000000000,AAPL,XNAS,1,1,0.9956135749816895,100,10.0,1
1749305298000000000,AAPL,XNAS,1,-1,0.9959625005722046,100,1.0,1
1749305298000000000,AAPL,XNAS,2,1,0.9954141974449158,100,250.0,2
1749305298000000000,AAPL,XNAS,2,-1,0.9960123896598816,100,3.0,1
1749305299000000000,AAPL,XNAS,1,1,0.9956135749816895,100,10.0,1
1749305299000000000,AAPL,XNAS,1,-1,0.9959625005722046,100,1.0,1
1749305299000000000,AAPL,XNAS,2,1,0.9954141974449158,100,250.0,2
1749305299000000000,AAPL,XNAS,2,-1,0.9962615966796875,100,200.0,1
1749305300000000000,AAPL,XNAS,1,1,0.9956135749816895,100,10.0,1
1749305300000000000,AAPL,XNAS,1,-1,0.9959625005722046,100,1.0,1
1749305300000000000,AAPL,XNAS,2,1,0.9954141974449158,100,250.0,2
1749305300000000000,AAPL,XNAS,2,-1,0.9962615966796875,100,200.0,1
1749305301000000000,AAPL,XNAS,1,1,0.9956135749816895,100,10.0,1
1749305301000000000,AAPL,XNAS,1,-1,0.9962117671966553,100,100.0,1
1749305301000000000,AAPL,XNAS,2,1,0.9954640865325928,100,100.0,1
1749305301000000000,AAPL,XNAS,2,-1,0.9962615966796875,100,200.0,1
1749305302000000000,AAPL,XNAS,1,1,0.9954640865325928,100,100.0,1
1749305302000000000,AAPL,XNAS,1,-1,0.996112048625946,100,120.0,1
1749305302000000000,AAPL,XNAS,2,1,0.9952148199081421,100,8.0,1
1749305302000000000,AAPL,XNAS,2,-1,0.9961618781089783,100,100.0,1
1749305303000000000,AAPL,XNAS,1,1,0.9954640865325928,100,100.0,1
1749305303000000000,AAPL,XNAS,1,-1,0.996112048625946,100,120.0,1
1749305303000000000,AAPL,XNAS,2,1,0.9952647089958191,100,24.0,1
1749305303000000000,AAPL,XNAS,2,-1,0.9961618781089783,100,100.0,1
1749305306000000000,AAPL,XNAS,1,1,0.9954640865325928,100,100.0,1
1749305306000000000,AAPL,XNAS,1,-1,0.9958628416061401,100,2.0,1
1749305306000000000,AAPL,XNAS,2,1,0.9952647089958191,100,24.0,1
1749305306000000000,AAPL,XNAS,2,-1,0.9961618781089783,100,100.0,1
1749305307000000000,AAPL,XNAS,1,1,0.9955637454986572,100,100.0,1
1749305307000000000,AAPL,XNAS,1,-1,0.9958628416061401,100,2.0,1
1749305307000000000,AAPL,XNAS,2,1,0.9953643679618835,100,50.0,1
1749305307000000000,AAPL,XNAS,2,-1,0.9961618781089783,100,100.0,1
1749305308000000000,AAPL,XNAS,1,1,0.9955637454986572,100,100.0,1
1749305308000000000,AAPL,XNAS,1,-1,0.9958628416061401,100,3.0,1
1749305308000000000,AAPL,XNAS,2,1,0.9953643679618835,100,50.0,1
1749305308000000000,AAPL,XNAS,2,-1,0.9961618781089783,100,100.0,1
1749305309000000000,AAPL,XNAS,1,1,0.9955637454986572,100,100.0,1
1749305309000000000,AAPL,XNAS,1,-1,0.9957631230354309,100,2.0,1
1749305309000000000,AAPL,XNAS,2,1,0.9953643679618835,100,50.0,1
1749305309000000000,AAPL,XNAS,2,-1,0.9958628416061401,100,1.0,1
1749305310000000000,AAPL,XNAS,1,1,0.9955637454986572,100,100.0,1
1749305310000000000,AAPL,XNAS,1,-1,0.9958628416061401,100,1.0,1
1749305310000000000,AAPL,XNAS,2,1,0.9953643679618835,100,50.0,1
1749305310000000000,AAPL,XNAS,2,-1,0.9961618781089783,100,100.0,1
1749305311000000000,AAPL,XNAS,1,1,0.9955637454986572,100,200.0,1
1749305311000000000,AAPL,XNAS,1,-1,0.9958628416061401,100,1.0,1
1749305311000000000,AAPL,XNAS,2,1,0.9953643679618835,100,50.0,1
1749305311000000000,AAPL,XNAS,2,-1,0.9961618781089783,100,100.0,1
1749305316000000000,AAPL,XNAS,1,1,0.9956135749816895,100,100.0,1
1749305316000000000,AAPL,XNAS,1,-1,0.9961618781089783,100,100.0,1
1749305316000000000,AAPL,XNAS,2,1,0.9955637454986572,100,200.0,1
1749305316000000000,AAPL,XNAS,2,-1,0.9962615966796875,100,103.0,1
1749305317000000000,AAPL,XNAS,1,1,0.9956135749816895,100,100.0,1
1749305317000000000,AAPL,XNAS,1,-1,0.996112048625946,100,1.0,1
1749305317000000000,AAPL,XNAS,2,1,0.9955637454986572,100,100.0,1
1749305317000000000,AAPL,XNAS,2,-1,0.9961618781089783,100,100.0,1
1749305318000000000,AAPL,XNAS,1,1,0.9957631230354309,100,50.0,1
1749305318000000000,AAPL,XNAS,1,-1,0.996112048625946,100,100.0,1
1749305318000000000,AAPL,XNAS,2,1,0.9956634640693665,100,150.0,1
1749305318000000000,AAPL,XNAS,2,-1,0.9962615966796875,100,103.0,1
1749305319000000000,AAPL,XNAS,1,1,0.9956634640693665,100,250.0,2
1749305319000000000,AAPL,XNAS,1,-1,0.996112048625946,100,100.0,1
1749305319000000000,AAPL,XNAS,2,1,0.9956135749816895,100,50.0,1
1749305319000000000,AAPL,XNAS,2,-1,0.9962615966796875,100,103.0,1
1749305320000000000,AAPL,XNAS,1,1,0.9956634640693665,100,150.0,1
1749305320000000000,AAPL,XNAS,1,-1,0.996112048625946,100,100.0,1
1749305320000000000,AAPL,XNAS,2,1,0.9956135749816895,100,50.0,1
1749305320000000000,AAPL,XNAS,2,-1,0.9962615966796875,100,103.0,1
1749305326000000000,AAPL,XNAS,1,1,0.9956634640693665,100,158.0,1
1749305326000000000,AAPL,XNAS,1,-1,0.996112048625946,100,100.0,1
1749305326000000000,AAPL,XNAS,2,1,0.9956135749816895,100,50.0,1
1749305326000000000,AAPL,XNAS,2,-1,0.9962615966796875,100,103.0,1
1749305328000000000,AAPL,XNAS,1,1,0.9956634640693665,100,158.0,1
1749305328000000000,AAPL,XNAS,1,-1,0.9960622191429138,100,100.0,1
1749305328000000000,AAPL,XNAS,2,1,0.9956135749816895,100,50.0,1
1749305328000000000,AAPL,XNAS,2,-1,0.996112048625946,100,103.0,1
1749305329000000000,AAPL,XNAS,1,1,0.9954141974449158,100,100.0,1
1749305329000000000,AAPL,XNAS,1,-1,0.9957631230354309,100,100.0,1
1749305329000000000,AAPL,XNAS,2,1,0.9953643679618835,100,5.0,1
1749305329000000000,AAPL,XNAS,2,-1,0.9959126710891724,100,3.0,1
1749305330000000000,AAPL,XNAS,1,1,0.9953643679618835,100,5.0,1
1749305330000000000,AAPL,XNAS,1,-1,0.9957132935523987,100,3.0,1
1749305330000000000,AAPL,XNAS,2,1,0.9949656128883362,99,100.0,1
1749305330000000000,AAPL,XNAS,2,-1,0.9957631230354309,100,100.0,1
1749305331000000000,AAPL,XNAS,1,1,0.9950154423713684,100,50.0,1
1749305331000000000,AAPL,XNAS,1,-1,0.995513916015625,100,3.0,1
1749305331000000000,AAPL,XNAS,2,1,0.9949656128883362,99,106.0,1
1749305331000000000,AAPL,XNAS,2,-1,0.9957631230354309,100,100.0,1
1749305332000000000,AAPL,XNAS,1,1,0.9943175911903381,99,100.0,1
1749305332000000000,AAPL,XNAS,1,-1,0.994915783405304,99,100.0,1
1749305332000000000,AAPL,XNAS,2,1,0.9942677617073059,99,5.0,1
1749305332000000000,AAPL,XNAS,2,-1,0.9949656128883362,99,100.0,1
1749305333000000000,AAPL,XNAS,1,1,0.9944173097610474,99,200.0,1
1749305333000000000,AAPL,XNAS,1,-1,0.9949656128883362,99,100.0,1
1749305333000000000,AAPL,XNAS,2,1,0.9943674802780151,99,405.0,3
1749305333000000000,AAPL,XNAS,2,-1,0.9951151609420776,100,3.0,1
1749305334000000000,AAPL,XNAS,1,1,0.9943674802780151,99,105.0,1
1749305334000000000,AAPL,XNAS,1,-1,0.994915783405304,99,100.0,1
1749305334000000000,AAPL,XNAS,2,1,0.9942677617073059,99,400.0,3
1749305334000000000,AAPL,XNAS,2,-1,0.9949656128883362,99,100.0,1
1749305335000000000,AAPL,XNAS,1,1,0.9943674802780151,99,5.0,1
1749305335000000000,AAPL,XNAS,1,-1,0.9948160648345947,99,3.0,1
1749305335000000000,AAPL,XNAS,2,1,0.9939687252044678,99,143.0,1
1749305335000000000,AAPL,XNAS,2,-1,0.9949656128883362,99,100.0,1
1749305336000000000,AAPL,XNAS,1,1,0.9943674802780151,99,5.0,1
1749305336000000000,AAPL,XNAS,1,-1,0.9949656128883362,99,100.0,1
1749305336000000000,AAPL,XNAS,2,1,0.9939687252044678,99,143.0,1
1749305336000000000,AAPL,XNAS,2,-1,0.9951151609420776,100,3.0,1
1749305339000000000,AAPL,XNAS,1,1,0.9943674802780151,99,5.0,1
1749305339000000000,AAPL,XNAS,1,-1,0.994915783405304,99,100.0,1
1749305339000000000,AAPL,XNAS,2,1,0.9939687252044678,99,143.0,1
1749305339000000000,AAPL,XNAS,2,-1,0.9949656128883362,99,100.0,1
1749305341000000000,AAPL,XNAS,1,1,0.9943674802780151,99,5.0,1
1749305341000000000,AAPL,XNAS,1,-1,0.994915783405304,99,100.0,1
1749305341000000000,AAPL,XNAS,2,1,0.9939687252044678,99,243.0,2
1749305341000000000,AAPL,XNAS,2,-1,0.9949656128883362,99,100.0,1
1749305343000000000,AAPL,XNAS,1,1,0.9943674802780151,99,5.0,1
1749305343000000000,AAPL,XNAS,1,-1,0.9949656128883362,99,100.0,1
1749305343000000000,AAPL,XNAS,2,1,0.9939687252044678,99,143.0,1
1749305343000000000,AAPL,XNAS,2,-1,0.9951151609420776,100,3.0,1
1749305344000000000,AAPL,XNAS,1,1,0.9938191771507263,99,200.0,1
1749305344000000000,AAPL,XNAS,1,-1,0.9943175911903381,99,100.0,1
1749305344000000000,AAPL,XNAS,2,1,0.9937692880630493,99,400.0,3
1749305344000000000,AAPL,XNAS,2,-1,0.9943674802780151,99,100.0,1
1749305345000000000,AAPL,XNAS,1,1,0.9938191771507263,99,100.0,1
1749305345000000000,AAPL,XNAS,1,-1,0.9943674802780151,99,100.0,1
1749305345000000000,AAPL,XNAS,2,1,0.9937692880630493,99,300.0,2
1749305345000000000,AAPL,XNAS,2,-1,0.9950652718544006,100,25.0,1
1749305350000000000,AAPL,XNAS,1,1,0.9938191771507263,99,104.0,1
1749305350000000000,AAPL,XNAS,1,-1,0.9943674802780151,99,100.0,1
1749305350000000000,AAPL,XNAS,2,1,0.9937692880630493,99,20.0,1
1749305350000000000,AAPL,XNAS,2,-1,0.9950652718544006,100,25.0,1
1749305351000000000,AAPL,XNAS,1,1,0.9938191771507263,99,4.0,1
1749305351000000000,AAPL,XNAS,1,-1,0.9943674802780151,99,100.0,1
1749305351000000000,AAPL,XNAS,2,1,0.9937692880630493,99,20.0,1
1749305351000000000,AAPL,XNAS,2,-1,0.9944671392440796,99,2.0,1
1749305352000000000,AAPL,XNAS,1,1,0.9938191771507263,99,4.0,1
1749305352000000000,AAPL,XNAS,1,-1,0.9943674802780151,99,102.0,1
1749305352000000000,AAPL,XNAS,2,1,0.9937692880630493,99,20.0,1
1749305352000000000,AAPL,XNAS,2,-1,0.9950652718544006,100,25.0,1
1749305353000000000,AAPL,XNAS,1,1,0.9938191771507263,99,4.0,1
1749305353000000000,AAPL,XNAS,1,-1,0.9943674802780151,99,100.0,1
1749305353000000000,AAPL,XNAS,2,1,0.9937692880630493,99,20.0,1
1749305353000000000,AAPL,XNAS,2,-1,0.9950652718544006,100,25.0,1
1749305354000000000,AAPL,XNAS,1,1,0.9939687252044678,99,100.0,1
1749305354000000000,AAPL,XNAS,1,-1,0.9942677617073059,99,100.0,1
1749305354000000000,AAPL,XNAS,2,1,0.9939188361167908,99,120.0,1
1749305354000000000,AAPL,XNAS,2,-1,0.9950652718544006,100,25.0,1
1749305355000000000,AAPL,XNAS,1,1,0.9941681027412415,99,100.0,1
1749305355000000000,AAPL,XNAS,1,-1,0.9947164058685303,99,100.0,1
1749305355000000000,AAPL,XNAS,2,1,0.9941182136535645,99,200.0,1
1749305355000000000,AAPL,XNAS,2,-1,0.9947662353515625,99,111.0,1
1749305356000000000,AAPL,XNAS,1,1,0.9941681027412415,99,200.0,1
1749305356000000000,AAPL,XNAS,1,-1,0.9947662353515625,99,111.0,1
1749305356000000000,AAPL,XNAS,2,1,0.9941182136535645,99,500.0,4
1749305356000000000,AAPL,XNAS,2,-1,0.994915783405304,99,103.0,1
1749305357000000000,AAPL,XNAS,1,1,0.9941182136535645,99,100.0,1
1749305357000000000,AAPL,XNAS,1,-1,0.9947164058685303,99,3.0,1
1749305357000000000,AAPL,XNAS,2,1,0.9940683841705322,99,20.0,1
1749305357000000000,AAPL,XNAS,2,-1,0.9947662353515625,99,111.0,1
1749305358000000000,AAPL,XNAS,1,1,0.9941182136535645,99,100.0,1
1749305358000000000,AAPL,XNAS,1,-1,0.994616687297821,99,3.0,1
1749305358000000000,AAPL,XNAS,2,1,0.9940683841705322,99,20.0,1
1749305358000000000,AAPL,XNAS,2,-1,0.9947662353515625,99,111.0,1
1749305360000000000,AAPL,XNAS,1,1,0.9941182136535645,99,100.0,1
1749305360000000000,AAPL,XNAS,1,-1,0.9945668578147888,99,3.0,1
1749305360000000000,AAPL,XNAS,2,1,0.9940683841705322,99,420.0,3
1749305360000000000,AAPL,XNAS,2,-1,0.994616687297821,99,3.0,1
1749305361000000000,AAPL,XNAS,1,1,0.9941182136535645,99,100.0,1
1749305361000000000,AAPL,XNAS,1,-1,0.9943674802780151,99,3.0,1
1749305361000000000,AAPL,XNAS,2,1,0.9940683841705322,99,420.0,3
1749305361000000000,AAPL,XNAS,2,-1,0.994616687297821,99,3.0,1
1749305362000000000,AAPL,XNAS,1,1,0.9941182136535645,99,100.0,1
1749305362000000000,AAPL,XNAS,1,-1,0.9942677617073059,99,3.0,1
1749305362000000000,AAPL,XNAS,2,1,0.9940683841705322,99,420.0,3
1749305362000000000,AAPL,XNAS,2,-1,0.994616687297821,99,3.0,1
1749305363000000000,AAPL,XNAS,1,1,0.9941182136535645,99,100.0,1
1749305363000000000,AAPL,XNAS,1,-1,0.9945668578147888,99,100.0,1
1749305363000000000,AAPL,XNAS,2,1,0.9940683841705322,99,420.0,3
1749305363000000000,AAPL,XNAS,2,-1,0.994616687297821,99,3.0,1
1749305364000000000,AAPL,XNAS,1,1,0.9941182136535645,99,100.0,1
1749305364000000000,AAPL,XNAS,1,-1,0.9945169687271118,99,3.0,1
1749305364000000000,AAPL,XNAS,2,1,0.9940683841705322,99,420.0,3
1749305364000000000,AAPL,XNAS,2,-1,0.9947662353515625,99,111.0,1
1749305365000000000,AAPL,XNAS,1,1,0.9941182136535645,99,100.0,1
1749305365000000000,AAPL,XNAS,1,-1,0.9943175911903381,99,3.0,1
1749305365000000000,AAPL,XNAS,2,1,0.9940683841705322,99,420.0,3
1749305365000000000,AAPL,XNAS,2,-1,0.9947662353515625,99,111.0,1
1749305366000000000,AAPL,XNAS,1,1,0.9941681027412415,99,400.0,3
1749305366000000000,AAPL,XNAS,1,-1,0.9946665167808533,99,100.0,1
1749305366000000000,AAPL,XNAS,2,1,0.9941182136535645,99,500.0,4
1749305366000000000,AAPL,XNAS,2,-1,0.9947662353515625,99,111.0,1
1749305367000000000,AAPL,XNAS,1,1,0.9941182136535645,99,120.0,1
1749305367000000000,AAPL,XNAS,1,-1,0.9946665167808533,99,100.0,1
1749305367000000000,AAPL,XNAS,2,1,0.9940683841705322,99,400.0,3
1749305367000000000,AAPL,XNAS,2,-1,0.9947662353515625,99,111.0,1
1749305371000000000,AAPL,XNAS,1,1,0.9942677617073059,99,100.0,1
1749305371000000000,AAPL,XNAS,1,-1,0.994865894317627,99,100.0,1
1749305371000000000,AAPL,XNAS,2,1,0.9942179322242737,99,100.0,1
1749305371000000000,AAPL,XNAS,2,-1,0.994915783405304,99,100.0,1
1749305372000000000,AAPL,XNAS,1,1,0.9942677617073059,99,200.0,1
1749305372000000000,AAPL,XNAS,1,-1,0.9946665167808533,99,100.0,1
1749305372000000000,AAPL,XNAS,2,1,0.9942179322242737,99,400.0,3
1749305372000000000,AAPL,XNAS,2,-1,0.9947164058685303,99,100.0,1
1749305375000000000,AAPL,XNAS,1,1,0.9942677617073059,99,100.0,1
1749305375000000000,AAPL,XNAS,1,-1,0.9945668578147888,99,2.0,1
1749305375000000000,AAPL,XNAS,2,1,0.9941182136535645,99,400.0,3
1749305375000000000,AAPL,XNAS,2,-1,0.9947164058685303,99,100.0,1
1749305376000000000,AAPL,XNAS,1,1,0.9942677617073059,99,114.0,1
1749305376000000000,AAPL,XNAS,1,-1,0.994616687297821,99,100.0,1
1749305376000000000,AAPL,XNAS,2,1,0.9942179322242737,99,400.0,3
1749305376000000000,AAPL,XNAS,2,-1,0.995513916015625,100,200.0,1
1749305377000000000,AAPL,XNAS,1,1,0.9942677617073059,99,114.0,1
1749305377000000000,AAPL,XNAS,1,-1,0.994616687297821,99,100.0,1
1749305377000000000,AAPL,XNAS,2,1,0.9940683841705322,99,300.0,2
1749305377000000000,AAPL,XNAS,2,-1,0.9950652718544006,100,25.0,1
1749305378000000000,AAPL,XNAS,1,1,0.9942677617073059,99,114.0,1
1749305378000000000,AAPL,XNAS,1,-1,0.9945668578147888,99,100.0,1
1749305378000000000,AAPL,XNAS,2,1,0.9940683841705322,99,600.0,5
1749305378000000000,AAPL,XNAS,2,-1,0.994616687297821,99,103.0,1
1749305379000000000,AAPL,XNAS,1,1,0.9942677617073059,99,114.0,1
1749305379000000000,AAPL,XNAS,1,-1,0.9945668578147888,99,100.0,1
1749305379000000000,AAPL,XNAS,2,1,0.9940683841705322,99,400.0,3
1749305379000000000,AAPL,XNAS,2,-1,0.994616687297821,99,103.0,1
1749305380000000000,AAPL,XNAS,1,1,0.9938191771507263,99,4.0,1
1749305380000000000,AAPL,XNAS,1,-1,0.9944671392440796,99,100.0,1
1749305380000000000,AAPL,XNAS,2,1,0.9934702515602112,99,125.0,1
1749305380000000000,AAPL,XNAS,2,-1,0.9945169687271118,99,100.0,1
1749305384000000000,AAPL,XNAS,1,1,0.9938191771507263,99,4.0,1
1749305384000000000,AAPL,XNAS,1,-1,0.9944671392440796,99,200.0,1
1749305384000000000,AAPL,XNAS,2,1,0.9934702515602112,99,125.0,1
1749305384000000000,AAPL,XNAS,2,-1,0.9945169687271118,99,100.0,1
1749305385000000000,AAPL,XNAS,1,1,0.9939188361167908,99,200.0,1
1749305385000000000,AAPL,XNAS,1,-1,0.9944173097610474,99,100.0,1
1749305385000000000,AAPL,XNAS,2,1,0.9938690066337585,99,400.0,3
1749305385000000000,AAPL,XNAS,2,-1,0.9944671392440796,99,100.0,1
1749305387000000000,AAPL,XNAS,1,1,0.9939188361167908,99,200.0,1
1749305387000000000,AAPL,XNAS,1,-1,0.9944173097610474,99,100.0,1
1749305387000000000,AAPL,XNAS,2,1,0.9938690066337585,99,400.0,3
1749305387000000000,AAPL,XNAS,2,-1,0.9944671392440796,99,100.0,1
1749305389000000000,AAPL,XNAS,1,1,0.9939188361167908,99,100.0,1
1749305389000000000,AAPL,XNAS,1,-1,0.9943175911903381,99,100.0,1
1749305389000000000,AAPL,XNAS,2,1,0.9938690066337585,99,400.0,3
1749305389000000000,AAPL,XNAS,2,-1,0.9943674802780151,99,3.0,1
1749305390000000000,AAPL,XNAS,1,1,0.9939188361167908,99,100.0,1
1749305390000000000,AAPL,XNAS,1,-1,0.9941681027412415,99,3.0,1
1749305390000000000,AAPL,XNAS,2,1,0.9938690066337585,99,100.0,1
1749305390000000000,AAPL,XNAS,2,-1,0.9944671392440796,99,100.0,1
1749305391000000000,AAPL,XNAS,1,1,0.9939188361167908,99,100.0,1
1749305391000000000,AAPL,XNAS,1,-1,0.9940683841705322,99,3.0,1
1749305391000000000,AAPL,XNAS,2,1,0.9938191771507263,99,404.0,3
1749305391000000000,AAPL,XNAS,2,-1,0.9944671392440796,99,100.0,1
1749305392000000000,AAPL,XNAS,1,1,0.9939188361167908,99,100.0,1
1749305392000000000,AAPL,XNAS,1,-1,0.9943674802780151,99,100.0,1
1749305392000000000,AAPL,XNAS,2,1,0.9938191771507263,99,4.0,1
1749305392000000000,AAPL,XNAS,2,-1,0.9944173097610474,99,100.0,1
1749305393000000000,AAPL,XNAS,1,1,0.9939188361167908,99,100.0,1
1749305393000000000,AAPL,XNAS,1,-1,0.9944173097610474,99,100.0,1
1749305393000000000,AAPL,XNAS,2,1,0.9938191771507263,99,4.0,1
1749305393000000000,AAPL,XNAS,2,-1,0.9944671392440796,99,100.0,1
1749305394000000000,AAPL,XNAS,1,1,0.9939188361167908,99,100.0,1
1749305394000000000,AAPL,XNAS,1,-1,0.9943175911903381,99,100.0,1
1749305394000000000,AAPL,XNAS,2,1,0.9938191771507263,99,304.0,2
1749305394000000000,AAPL,XNAS,2,-1,0.9944671392440796,99,100.0,1
1749305400000000000,AAPL,XNAS,1,1,1.0000486373901367,100,120.0,1
1749305400000000000,AAPL,XNAS,1,-1,1.0002920627593994,100,1.0,1
1749305400000000000,AAPL,XNAS,2,1,1.0,100,100.0,1
1749305400000000000,AAPL,XNAS,2,-1,1.0003893375396729,100,1.0,1
1749305407000000000,AAPL,XNAS,1,1,1.0000486373901367,100,120.0,1
1749305407000000000,AAPL,XNAS,1,-1,1.0002920627593994,100,1.0,1
1749305407000000000,AAPL,XNAS,2,1,0.9999513030052185,100,100.0,1
1749305407000000000,AAPL,XNAS,2,-1,1.0003893375396729,100,1.0,1
1749305412000000000,AAPL,XNAS,1,1,1.0000486373901367,100,120.0,1
1749305412000000000,AAPL,XNAS,1,-1,1.0002920627593994,100,1.0,1
1749305412000000000,AAPL,XNAS,2,1,0.9999513030052185,100,100.0,1
1749305412000000000,AAPL,XNAS,2,-1,1.0003893375396729,100,1.0,1
1749305416000000000,AAPL,XNAS,1,1,1.0000486373901367,100,120.0,1
1749305416000000000,AAPL,XNAS,1,-1,1.0002920627593994,100,1.0,1
1749305416000000000,AAPL,XNAS,2,1,0.9999513030052185,100,100.0,1
1749305416000000000,AAPL,XNAS,2,-1,1.0003893375396729,100,2.0,1
1749305419000000000,AAPL,XNAS,1,1,1.0000486373901367,100,51.0,1
1749305419000000000,AAPL,XNAS,1,-1,1.0003893375396729,100,2.0,1
1749305419000000000,AAPL,XNAS,2,1,0.9999026656150818,100,200.0,1
1749305419000000000,AAPL,XNAS,2,-1,1.0004380941390991,100,1.0,1
1749305420000000000,AAPL,XNAS,1,1,1.0001946687698364,100,69.0,1
1749305420000000000,AAPL,XNAS,1,-1,1.0003893375396729,100,2.0,1
1749305420000000000,AAPL,XNAS,2,1,1.0001460313796997,100,1.0,1
1749305420000000000,AAPL,XNAS,2,-1,1.0004380941390991,100,1.0,1
1749305422000000000,AAPL,XNAS,1,1,1.0001946687698364,100,69.0,1
1749305422000000000,AAPL,XNAS,1,-1,1.0003893375396729,100,2.0,1
1749305422000000000,AAPL,XNAS,2,1,1.0001460313796997,100,2.0,1
1749305422000000000,AAPL,XNAS,2,-1,1.0004380941390991,100,1.0,1
1749305423000000000,AAPL,XNAS,1,1,1.0001946687698364,100,70.0,1
1749305423000000000,AAPL,XNAS,1,-1,1.0003893375396729,100,2.0,1
1749305423000000000,AAPL,XNAS,2,1,1.0001460313796997,100,55.0,1
1749305423000000000,AAPL,XNAS,2,-1,1.0004380941390991,100,1.0,1
1749305437000000000,AAPL,XNAS,1,1,1.0,100,100.0,1
1749305437000000000,AAPL,XNAS,1,-1,1.0003407001495361,100,1.0,1
1749305437000000000,AAPL,XNAS,2,1,0.9999026656150818,100,200.0,1
1749305437000000000,AAPL,XNAS,2,-1,1.0003893375396729,100,2.0,1
1749305439000000000,AAPL,XNAS,1,1,1.0000486373901367,100,103.0,1
1749305439000000000,AAPL,XNAS,1,-1,1.0003893375396729,100,2.0,1
1749305439000000000,AAPL,XNAS,2,1,1.0,100,100.0,1
1749305439000000000,AAPL,XNAS,2,-1,1.0004380941390991,100,1.0,1
1749305440000000000,AAPL,XNAS,1,1,1.0000486373901367,100,3.0,1
1749305440000000000,AAPL,XNAS,1,-1,1.0003893375396729,100,2.0,1
1749305440000000000,AAPL,XNAS,2,1,1.0,100,100.0,1
1749305440000000000,AAPL,XNAS,2,-1,1.0004380941390991,100,1.0,1
1749305448000000000,AAPL,XNAS,1,1,1.0000486373901367,100,13.0,1
1749305448000000000,AAPL,XNAS,1,-1,1.0003893375396729,100,2.0,1
1749305448000000000,AAPL,XNAS,2,1,1.0,100,100.0,1
1749305448000000000,AAPL,XNAS,2,-1,1.0004380941390991,100,1.0,1
1749305449000000000,AAPL,XNAS,1,1,1.0000486373901367,100,10.0,1
1749305449000000000,AAPL,XNAS,1,-1,1.0003893375396729,100,2.0,1
1749305449000000000,AAPL,XNAS,2,1,1.0,100,103.0,1
1749305449000000000,AAPL,XNAS,2,-1,1.0004380941390991,100,1.0,1
1749305450000000000,AAPL,XNAS,1,1,1.0000486373901367,100,10.0,1
1749305450000000000,AAPL,XNAS,1,-1,1.0003893375396729,100,102.0,1
1749305450000000000,AAPL,XNAS,2,1,1.0,100,103.0,1
1749305450000000000,AAPL,XNAS,2,-1,1.0004380941390991,100,1.0,1
1749305451000000000,AAPL,XNAS,1,1,1.0,100,3.0,1
1749305451000000000,AAPL,XNAS,1,-1,1.0001460313796997,100,101.0,1
1749305451000000000,AAPL,XNAS,2,1,0.9998053312301636,100,45.0,1
1749305451000000000,AAPL,XNAS,2,-1,1.0003893375396729,100,101.0,1
1749305452000000000,AAPL,XNAS,1,1,0.9999026656150818,100,3.0,1
1749305452000000000,AAPL,XNAS,1,-1,1.0001460313796997,100,1.0,1
1749305452000000000,AAPL,XNAS,2,1,0.9998539686203003,100,100.0,1
1749305452000000000,AAPL,XNAS,2,-1,1.0003893375396729,100,101.0,1
1749305456000000000,AAPL,XNAS,1,1,0.9999026656150818,100,8.0,1
1749305456000000000,AAPL,XNAS,1,-1,1.0001460313796997,100,1.0,1
1749305456000000000,AAPL,XNAS,2,1,0.9998539686203003,100,100.0,1
1749305456000000000,AAPL,XNAS,2,-1,1.0003893375396729,100,101.0,1
1749305459000000000,AAPL,XNAS,1,1,0.9999026656150818,100,8.0,1
1749305459000000000,AAPL,XNAS,1,-1,1.0001460313796997,100,1.0,1
1749305459000000000,AAPL,XNAS,2,1,0.9998053312301636,100,445.0,3
1749305459000000000,AAPL,XNAS,2,-1,1.0003893375396729,100,101.0,1
1749305460000000000,AAPL,XNAS,1,1,0.9999026656150818,100,8.0,1
1749305460000000000,AAPL,XNAS,1,-1,1.0001460313796997,100,1.0,1
1749305460000000000,AAPL,XNAS,2,1,0.9998053312301636,100,445.0,3
1749305460000000000,AAPL,XNAS,2,-1,1.0003893375396729,100,101.0,1
1749305461000000000,AAPL,XNAS,1,1,0.9999513030052185,100,100.0,1
1749305461000000000,AAPL,XNAS,1,-1,1.0003893375396729,100,101.0,1
1749305461000000000,AAPL,XNAS,2,1,0.9999026656150818,100,8.0,1
1749305461000000000,AAPL,XNAS,2,-1,1.0004380941390991,100,1.0,1
1749305462000000000,AAPL,XNAS,1,1,0.9999513030052185,100,100.0,1
1749305462000000000,AAPL,XNAS,1,-1,1.0003893375396729,100,101.0,1
1749305462000000000,AAPL,XNAS,2,1,0.9999026656150818,100,5.0,1
1749305462000000000,AAPL,XNAS,2,-1,1.0004380941390991,100,1.0,1
1749305463000000000,AAPL,XNAS,1,1,0.9999513030052185,100,105.0,1
1749305463000000000,AAPL,XNAS,1,-1,1.0003893375396729,100,101.0,1
1749305463000000000,AAPL,XNAS,2,1,0.9998053312301636,100,345.0,2
1749305463000000000,AAPL,XNAS,2,-1,1.0004380941390991,100,1.0,1
1749305465000000000,AAPL,XNAS,1,1,0.9999513030052185,100,105.0,1
1749305465000000000,AAPL,XNAS,1,-1,1.0003893375396729,100,101.0,1
1749305465000000000,AAPL,XNAS,2,1,0.9998539686203003,100,100.0,1
1749305465000000000,AAPL,XNAS,2,-1,1.0004380941390991,100,1.0,1
1749305468000000000,AAPL,XNAS,1,1,0.9999026656150818,100,100.0,1
1749305468000000000,AAPL,XNAS,1,-1,1.0003893375396729,100,101.0,1
1749305468000000000,AAPL,XNAS,2,1,0.9998539686203003,100,105.0,1
1749305468000000000,AAPL,XNAS,2,-1,1.0004380941390991,100,1.0,1
1749305469000000000,AAPL,XNAS,1,1,0.9999026656150818,100,100.0,1
1749305469000000000,AAPL,XNAS,1,-1,1.0003893375396729,100,101.0,1
1749305469000000000,AAPL,XNAS,2,1,0.9998539686203003,100,105.0,1
1749305469000000000,AAPL,XNAS,2,-1,1.0004380941390991,100,1.0,1
1749305471000000000,AAPL,XNAS,1,1,0.9999513030052185,100,105.0,1
1749305471000000000,AAPL,XNAS,1,-1,1.0003893375396729,100,101.0,1
1749305471000000000,AAPL,XNAS,2,1,0.9998053312301636,100,245.0,2
1749305471000000000,AAPL,XNAS,2,-1,1.0004380941390991,100,1.0,1
1749305473000000000,AAPL,XNAS,1,1,0.9999513030052185,100,5.0,1
1749305473000000000,AAPL,XNAS,1,-1,1.0003893375396729,100,103.0,1
1749305473000000000,AAPL,XNAS,2,1,0.9998539686203003,100,100.0,1
1749305473000000000,AAPL,XNAS,2,-1,1.0004380941390991,100,1.0,1
1749305474000000000,AAPL,XNAS,1,1,0.9999513030052185,100,105.0,1
1749305474000000000,AAPL,XNAS,1,-1,1.0003893375396729,100,103.0,1
1749305474000000000,AAPL,XNAS,2,1,0.9998539686203003,100,100.0,1
1749305474000000000,AAPL,XNAS,2,-1,1.0004380941390991,100,1.0,1
1749305475000000000,AAPL,XNAS,1,1,1.0,100,100.0,1
1749305475000000000,AAPL,XNAS,1,-1,1.0003893375396729,100,103.0,1
1749305475000000000,AAPL,XNAS,2,1,0.9998539686203003,100,5.0,1
1749305475000000000,AAPL,XNAS,2,-1,1.0004380941390991,100,1.0,1
1749305476000000000,AAPL,XNAS,1,1,1.000097393989563,100,20.0,1
1749305476000000000,AAPL,XNAS,1,-1,1.0003893375396729,100,103.0,1
1749305476000000000,AAPL,XNAS,2,1,1.0000486373901367,100,5.0,1
1749305476000000000,AAPL,XNAS,2,-1,1.0004380941390991,100,1.0,1
1749305477000000000,AAPL,XNAS,1,1,1.000097393989563,100,20.0,1
1749305477000000000,AAPL,XNAS,1,-1,1.0003893375396729,100,103.0,1
1749305477000000000,AAPL,XNAS,2,1,1.0000486373901367,100,8.0,1
1749305477000000000,AAPL,XNAS,2,-1,1.0004380941390991,100,1.0,1
1749305478000000000,AAPL,XNAS,1,1,1.000097393989563,100,20.0,1
1749305478000000000,AAPL,XNAS,1,-1,1.0003893375396729,100,104.0,1
1749305478000000000,AAPL,XNAS,2,1,1.0000486373901367,100,8.0,1
1749305478000000000,AAPL,XNAS,2,-1,1.0004380941390991,100,1.0,1
1749305483000000000,AAPL,XNAS,1,1,1.000097393989563,100,20.0,1
1749305483000000000,AAPL,XNAS,1,-1,1.0003893375396729,100,104.0,1
1749305483000000000,AAPL,XNAS,2,1,1.0000486373901367,100,9.0,1
1749305483000000000,AAPL,XNAS,2,-1,1.0004380941390991,100,1.0,1
1749305502000000000,AAPL,XNAS,1,1,1.000097393989563,100,20.0,1
1749305502000000000,AAPL,XNAS,1,-1,1.0003893375396729,100,104.0,1
1749305502000000000,AAPL,XNAS,2,1,1.0000486373901367,100,10.0,1
1749305502000000000,AAPL,XNAS,2,-1,1.0004380941390991,100,1.0,1
1749305507000000000,AAPL,XNAS,1,1,1.0001460313796997,100,5.0,1
1749305507000000000,AAPL,XNAS,1,-1,1.0003893375396729,100,104.0,1
1749305507000000000,AAPL,XNAS,2,1,1.000097393989563,100,20.0,1
1749305507000000000,AAPL,XNAS,2,-1,1.0004380941390991,100,1.0,1
1749305508000000000,AAPL,XNAS,1,1,1.0001460313796997,100,3.0,1
1749305508000000000,AAPL,XNAS,1,-1,1.0003893375396729,100,104.0,1
1749305508000000000,AAPL,XNAS,2,1,1.000097393989563,100,6.0,1
1749305508000000000,AAPL,XNAS,2,-1,1.0004380941390991,100,1.0,1
1749305509000000000,AAPL,XNAS,1,1,1.000097393989563,100,9.0,1
1749305509000000000,AAPL,XNAS,1,-1,1.0003893375396729,100,104.0,1
