ts_ns,symbol,venue,level,side,price,price_ticks,size,num_orders
1749132000000000000,AAPL,XNAS,1,1,0.9990656971931458,100,20.0,1
1749132000000000000,AAPL,XNAS,1,-1,0.9997664093971252,100,90.0,1
1749132000000000000,AAPL,XNAS,2,1,0.9990190267562866,100,210.0,1
1749132000000000000,AAPL,XNAS,2,-1,0.9998131394386292,100,101.0,1
1749132010000000000,AAPL,XNAS,1,1,0.9990656971931458,100,20.0,1
1749132010000000000,AAPL,XNAS,1,-1,0.9997664093971252,100,90.0,1
1749132010000000000,AAPL,XNAS,2,1,0.9990190267562866,100,210.0,1
1749132010000000000,AAPL,XNAS,2,-1,0.9998131394386292,100,101.0,1
1749132023000000000,AAPL,XNAS,1,1,0.9990656971931458,100,20.0,1
1749132023000000000,AAPL,XNAS,1,-1,0.9997664093971252,100,90.0,1
1749132023000000000,AAPL,XNAS,2,1,0.9990190267562866,100,212.0,1
1749132023000000000,AAPL,XNAS,2,-1,0.9998131394386292,100,101.0,1
1749132025000000000,AAPL,XNAS,1,1,0.9991124272346497,100,90.0,1
1749132025000000000,AAPL,XNAS,1,-1,0.9998131394386292,100,101.0,1
1749132025000000000,AAPL,XNAS,2,1,0.9990656971931458,100,320.0,2
1749132025000000000,AAPL,XNAS,2,-1,0.999906599521637,100,100.0,1
1749132026000000000,AAPL,XNAS,1,1,0.9991124272346497,100,395.0,3
1749132026000000000,AAPL,XNAS,1,-1,0.9998131394386292,100,101.0,1
1749132026000000000,AAPL,XNAS,2,1,0.9990656971931458,100,220.0,1
1749132026000000000,AAPL,XNAS,2,-1,0.999906599521637,100,100.0,1
1749132027000000000,AAPL,XNAS,1,1,0.9991124272346497,100,315.0,2
1749132027000000000,AAPL,XNAS,1,-1,0.9998131394386292,100,101.0,1
1749132027000000000,AAPL,XNAS,2,1,0.9990656971931458,100,200.0,1
1749132027000000000,AAPL,XNAS,2,-1,0.999906599521637,100,100.0,1
1749132028000000000,AAPL,XNAS,1,1,0.9991124272346497,100,315.0,2
1749132028000000000,AAPL,XNAS,1,-1,0.9998131394386292,100,111.0,1
1749132028000000000,AAPL,XNAS,2,1,0.9990656971931458,100,200.0,1
1749132028000000000,AAPL,XNAS,2,-1,0.999906599521637,100,100.0,1
1749132029000000000,AAPL,XNAS,1,1,0.9991124272346497,100,315.0,2
1749132029000000000,AAPL,XNAS,1,-1,0.9998131394386292,100,111.0,1
1749132029000000000,AAPL,XNAS,2,1,0.9990656971931458,100,100.0,1
1749132029000000000,AAPL,XNAS,2,-1,0.999906599521637,100,100.0,1
1749132030000000000,AAPL,XNAS,1,1,0.9991124272346497,100,315.0,2
1749132030000000000,AAPL,XNAS,1,-1,0.9998131394386292,100,111.0,1
1749132030000000000,AAPL,XNAS,2,1,0.9990656971931458,100,200.0,1
1749132030000000000,AAPL,XNAS,2,-1,0.999906599521637,100,100.0,1
1749132035000000000,AAPL,XNAS,1,1,0.9991124272346497,100,315.0,2
1749132035000000000,AAPL,XNAS,1,-1,0.9998131394386292,100,111.0,1
1749132035000000000,AAPL,XNAS,2,1,0.9990656971931458,100,100.0,1
1749132035000000000,AAPL,XNAS,2,-1,0.999906599521637,100,100.0,1
1749132036000000000,AAPL,XNAS,1,1,0.9991124272346497,100,415.0,3
1749132036000000000,AAPL,XNAS,1,-1,0.9998131394386292,100,111.0,1
1749132036000000000,AAPL,XNAS,2,1,0.9990656971931458,100,100.0,1
1749132036000000000,AAPL,XNAS,2,-1,0.999906599521637,100,100.0,1
1749132038000000000,AAPL,XNAS,1,1,0.9991124272346497,100,415.0,3
1749132038000000000,AAPL,XNAS,1,-1,0.9998131394386292,100,111.0,1
1749132038000000000,AAPL,XNAS,2,1,0.9990656971931458,100,100.0,1
1749132038000000000,AAPL,XNAS,2,-1,0.999906599521637,100,100.0,1
1749132039000000000,AAPL,XNAS,1,1,0.9991124272346497,100,415.0,3
1749132039000000000,AAPL,XNAS,1,-1,0.9998131394386292,100,111.0,1
1749132039000000000,AAPL,XNAS,2,1,0.9990656971931458,100,100.0,1
1749132039000000000,AAPL,XNAS,2,-1,0.999906599521637,100,100.0,1
1749132041000000000,AAPL,XNAS,1,1,0.9991124272346497,100,225.0,1
1749132041000000000,AAPL,XNAS,1,-1,0.9997197389602661,100,90.0,1
1749132041000000000,AAPL,XNAS,2,1,0.9990190267562866,100,12.0,1
1749132041000000000,AAPL,XNAS,2,-1,0.9998131394386292,100,111.0,1
1749132042000000000,AAPL,XNAS,1,1,0.9991124272346497,100,225.0,1
1749132042000000000,AAPL,XNAS,1,-1,0.9997197389602661,100,90.0,1
1749132042000000000,AAPL,XNAS,2,1,0.9990190267562866,100,12.0,1
1749132042000000000,AAPL,XNAS,2,-1,0.9998131394386292,100,111.0,1
1749132044000000000,AAPL,XNAS,1,1,0.9991124272346497,100,132.0,1
1749132044000000000,AAPL,XNAS,1,-1,0.9997197389602661,100,90.0,1
1749132044000000000,AAPL,XNAS,2,1,0.9990190267562866,100,12.0,1
1749132044000000000,AAPL,XNAS,2,-1,0.9998131394386292,100,111.0,1
1749132045000000000,AAPL,XNAS,1,1,0.9991124272346497,100,132.0,1
1749132045000000000,AAPL,XNAS,1,-1,0.9997197389602661,100,90.0,1
1749132045000000000,AAPL,XNAS,2,1,0.9990190267562866,100,12.0,1
1749132045000000000,AAPL,XNAS,2,-1,0.9998131394386292,100,101.0,1
1749132047000000000,AAPL,XNAS,1,1,0.9991124272346497,100,132.0,1
1749132047000000000,AAPL,XNAS,1,-1,0.9998131394386292,100,101.0,1
1749132047000000000,AAPL,XNAS,2,1,0.9990190267562866,100,12.0,1
1749132047000000000,AAPL,XNAS,2,-1,0.999906599521637,100,100.0,1
1749132048000000000,AAPL,XNAS,1,1,0.9991124272346497,100,132.0,1
1749132048000000000,AAPL,XNAS,1,-1,0.9998131394386292,100,101.0,1
1749132048000000000,AAPL,XNAS,2,1,0.9990190267562866,100,12.0,1
1749132048000000000,AAPL,XNAS,2,-1,0.999906599521637,100,100.0,1
1749132049000000000,AAPL,XNAS,1,1,0.9991124272346497,100,132.0,1
1749132049000000000,AAPL,XNAS,1,-1,0.9998131394386292,100,101.0,1
1749132049000000000,AAPL,XNAS,2,1,0.9990190267562866,100,12.0,1
1749132049000000000,AAPL,XNAS,2,-1,0.999906599521637,100,100.0,1
1749132050000000000,AAPL,XNAS,1,1,0.9991591572761536,100,90.0,1
1749132050000000000,AAPL,XNAS,1,-1,0.9997197389602661,100,1.0,1
1749132050000000000,AAPL,XNAS,2,1,0.9991124272346497,100,132.0,1
1749132050000000000,AAPL,XNAS,2,-1,0.9998131394386292,100,100.0,1
1749132051000000000,AAPL,XNAS,1,1,0.9991591572761536,100,90.0,1
1749132051000000000,AAPL,XNAS,1,-1,0.9997197389602661,100,101.0,1
1749132051000000000,AAPL,XNAS,2,1,0.9991124272346497,100,132.0,1
1749132051000000000,AAPL,XNAS,2,-1,0.9998131394386292,100,100.0,1
1749132052000000000,AAPL,XNAS,1,1,0.9991591572761536,100,315.0,2
1749132052000000000,AAPL,XNAS,1,-1,0.9997197389602661,100,1.0,1
1749132052000000000,AAPL,XNAS,2,1,0.9990190267562866,100,12.0,1
1749132052000000000,AAPL,XNAS,2,-1,0.9998131394386292,100,100.0,1
1749132053000000000,AAPL,XNAS,1,1,0.9996730089187622,100,90.0,1
1749132053000000000,AAPL,XNAS,1,-1,0.9999532699584961,100,1.0,1
1749132053000000000,AAPL,XNAS,2,1,0.9996262788772583,100,220.0,1
1749132053000000000,AAPL,XNAS,2,-1,1.0,100,64.0,1
1749132054000000000,AAPL,XNAS,1,1,0.9998598694801331,100,90.0,1
1749132054000000000,AAPL,XNAS,1,-1,1.00023353099823,100,3.0,1
1749132054000000000,AAPL,XNAS,2,1,0.9997664093971252,100,30.0,1
1749132054000000000,AAPL,XNAS,2,-1,1.0003269910812378,100,30.0,1
1749132056000000000,AAPL,XNAS,1,1,0.9998598694801331,100,225.0,1
1749132056000000000,AAPL,XNAS,1,-1,1.00023353099823,100,2.0,1
1749132056000000000,AAPL,XNAS,2,1,0.9997197389602661,100,10.0,1
1749132056000000000,AAPL,XNAS,2,-1,1.0003269910812378,100,30.0,1
1749132057000000000,AAPL,XNAS,1,1,0.999906599521637,100,5.0,1
1749132057000000000,AAPL,XNAS,1,-1,1.00023353099823,100,100.0,1
1749132057000000000,AAPL,XNAS,2,1,0.9998598694801331,100,110.0,1
1749132057000000000,AAPL,XNAS,2,-1,1.0009809732437134,100,200.0,1
1749132059000000000,AAPL,XNAS,1,1,0.999906599521637,100,5.0,1
1749132059000000000,AAPL,XNAS,1,-1,1.00023353099823,100,200.0,1
1749132059000000000,AAPL,XNAS,2,1,0.9998598694801331,100,210.0,1
1749132059000000000,AAPL,XNAS,2,-1,1.0009809732437134,100,200.0,1
1749132060000000000,AAPL,XNAS,1,1,0.9994394183158875,100,100.0,1
1749132060000000000,AAPL,XNAS,1,-1,1.000046730041504,100,120.0,1
1749132060000000000,AAPL,XNAS,2,1,0.9993927478790283,100,15.0,1
1749132060000000000,AAPL,XNAS,2,-1,1.000186800956726,100,100.0,1
1749132063000000000,AAPL,XNAS,1,1,0.9994394183158875,100,105.0,1
1749132063000000000,AAPL,XNAS,1,-1,1.000186800956726,100,100.0,1
1749132063000000000,AAPL,XNAS,2,1,0.9993927478790283,100,15.0,1
1749132063000000000,AAPL,XNAS,2,-1,1.00023353099823,100,100.0,1
1749132064000000000,AAPL,XNAS,1,1,0.9994394183158875,100,105.0,1
1749132064000000000,AAPL,XNAS,1,-1,1.000186800956726,100,100.0,1
1749132064000000000,AAPL,XNAS,2,1,0.9992058873176575,100,25.0,1
1749132064000000000,AAPL,XNAS,2,-1,1.00023353099823,100,100.0,1
1749132073000000000,AAPL,XNAS,1,1,0.9994394183158875,100,307.0,2
1749132073000000000,AAPL,XNAS,1,-1,1.000046730041504,100,100.0,1
1749132073000000000,AAPL,XNAS,2,1,0.9992058873176575,100,125.0,1
1749132073000000000,AAPL,XNAS,2,-1,1.00023353099823,100,100.0,1
1749132074000000000,AAPL,XNAS,1,1,0.9994394183158875,100,307.0,2
1749132074000000000,AAPL,XNAS,1,-1,1.00023353099823,100,100.0,1
1749132074000000000,AAPL,XNAS,2,1,0.9992058873176575,100,125.0,1
1749132074000000000,AAPL,XNAS,2,-1,1.0007941722869873,100,24.0,1
1749132075000000000,AAPL,XNAS,1,1,0.9994394183158875,100,307.0,2
1749132075000000000,AAPL,XNAS,1,-1,1.00023353099823,100,100.0,1
1749132075000000000,AAPL,XNAS,2,1,0.9992058873176575,100,125.0,1
1749132075000000000,AAPL,XNAS,2,-1,1.0007941722869873,100,24.0,1
1749132076000000000,AAPL,XNAS,1,1,0.9994394183158875,100,307.0,2
1749132076000000000,AAPL,XNAS,1,-1,1.00023353099823,100,100.0,1
1749132076000000000,AAPL,XNAS,2,1,0.9992058873176575,100,125.0,1
1749132076000000000,AAPL,XNAS,2,-1,1.0007941722869873,100,24.0,1
1749132084000000000,AAPL,XNAS,1,1,0.9994394183158875,100,307.0,2
1749132084000000000,AAPL,XNAS,1,-1,1.00023353099823,100,100.0,1
1749132084000000000,AAPL,XNAS,2,1,0.9992058873176575,100,125.0,1
1749132084000000000,AAPL,XNAS,2,-1,1.0007941722869873,100,24.0,1
1749132089000000000,AAPL,XNAS,1,1,0.9994394183158875,100,307.0,2
1749132089000000000,AAPL,XNAS,1,-1,1.00023353099823,100,100.0,1
1749132089000000000,AAPL,XNAS,2,1,0.9992058873176575,100,125.0,1
1749132089000000000,AAPL,XNAS,2,-1,1.0007941722869873,100,24.0,1
1749132090000000000,AAPL,XNAS,1,1,0.9994394183158875,100,315.0,2
1749132090000000000,AAPL,XNAS,1,-1,1.0000934600830078,100,100.0,1
1749132090000000000,AAPL,XNAS,2,1,0.9992058873176575,100,125.0,1
1749132090000000000,AAPL,XNAS,2,-1,1.00023353099823,100,100.0,1
1749132097000000000,AAPL,XNAS,1,1,0.9994394183158875,100,315.0,2
1749132097000000000,AAPL,XNAS,1,-1,1.000046730041504,100,100.0,1
1749132097000000000,AAPL,XNAS,2,1,0.9992058873176575,100,125.0,1
1749132097000000000,AAPL,XNAS,2,-1,1.0000934600830078,100,100.0,1
1749132101000000000,AAPL,XNAS,1,1,0.9992058873176575,100,125.0,1
1749132101000000000,AAPL,XNAS,1,-1,1.0,100,200.0,1
1749132101000000000,AAPL,XNAS,2,1,0.9990190267562866,100,17.0,1
1749132101000000000,AAPL,XNAS,2,-1,1.000046730041504,100,100.0,1
1749132106000000000,AAPL,XNAS,1,1,0.998738706111908,100,102.0,1
1749132106000000000,AAPL,XNAS,1,-1,0.9992992877960205,100,100.0,1
1749132106000000000,AAPL,XNAS,2,1,0.9983183145523071,100,100.0,1
1749132106000000000,AAPL,XNAS,2,-1,0.9993460178375244,100,100.0,1
1749132109000000000,AAPL,XNAS,1,1,0.998738706111908,100,102.0,1
1749132109000000000,AAPL,XNAS,1,-1,0.9992992877960205,100,100.0,1
1749132109000000000,AAPL,XNAS,2,1,0.9983183145523071,100,100.0,1
1749132109000000000,AAPL,XNAS,2,-1,0.9993927478790283,100,100.0,1
1749132131000000000,AAPL,XNAS,1,1,0.998738706111908,100,102.0,1
1749132131000000000,AAPL,XNAS,1,-1,0.9992992877960205,100,100.0,1
1749132131000000000,AAPL,XNAS,2,1,0.9986920356750488,100,20.0,1
1749132131000000000,AAPL,XNAS,2,-1,0.9993927478790283,100,100.0,1
1749132134000000000,AAPL,XNAS,1,1,0.998738706111908,100,122.0,1
1749132134000000000,AAPL,XNAS,1,-1,0.9992992877960205,100,100.0,1
1749132134000000000,AAPL,XNAS,2,1,0.9986920356750488,100,20.0,1
1749132134000000000,AAPL,XNAS,2,-1,0.9993927478790283,100,100.0,1
1749132137000000000,AAPL,XNAS,1,1,0.998738706111908,100,122.0,1
1749132137000000000,AAPL,XNAS,1,-1,0.9992992877960205,100,100.0,1
1749132137000000000,AAPL,XNAS,2,1,0.9986920356750488,100,20.0,1
1749132137000000000,AAPL,XNAS,2,-1,1.0,100,100.0,1
1749132163000000000,AAPL,XNAS,1,1,0.998505175113678,100,51.0,1
1749132163000000000,AAPL,XNAS,1,-1,0.9989255666732788,100,90.0,1
1749132163000000000,AAPL,XNAS,2,1,0.9982715845108032,100,25.0,1
1749132163000000000,AAPL,XNAS,2,-1,0.9989722967147827,100,100.0,1
1749132164000000000,AAPL,XNAS,1,1,0.998505175113678,100,1.0,1
1749132164000000000,AAPL,XNAS,1,-1,0.9989722967147827,100,100.0,1
1749132164000000000,AAPL,XNAS,2,1,0.9982715845108032,100,25.0,1
1749132164000000000,AAPL,XNAS,2,-1,0.9994861483573914,100,23.0,1
1749132169000000000,AAPL,XNAS,1,1,0.9982715845108032,100,25.0,1
1749132169000000000,AAPL,XNAS,1,-1,0.9989722967147827,100,100.0,1
1749132169000000000,AAPL,XNAS,2,1,0.9982248544692993,100,33.0,1
1749132169000000000,AAPL,XNAS,2,-1,0.9994861483573914,100,23.0,1
1749132172000000000,AAPL,XNAS,1,1,0.9982715845108032,100,25.0,1
1749132172000000000,AAPL,XNAS,1,-1,0.9989722967147827,100,100.0,1
1749132172000000000,AAPL,XNAS,2,1,0.9982248544692993,100,43.0,1
1749132172000000000,AAPL,XNAS,2,-1,0.9994861483573914,100,23.0,1
1749132178000000000,AAPL,XNAS,1,1,0.9982715845108032,100,25.0,1
1749132178000000000,AAPL,XNAS,1,-1,0.9989722967147827,100,100.0,1
1749132178000000000,AAPL,XNAS,2,1,0.9982248544692993,100,51.0,1
1749132178000000000,AAPL,XNAS,2,-1,0.9994861483573914,100,23.0,1
1749132179000000000,AAPL,XNAS,1,1,0.9982715845108032,100,25.0,1
1749132179000000000,AAPL,XNAS,1,-1,0.9989722967147827,100,100.0,1
1749132179000000000,AAPL,XNAS,2,1,0.9982248544692993,100,51.0,1
1749132179000000000,AAPL,XNAS,2,-1,0.9994394183158875,100,100.0,1
1749132180000000000,AAPL,XNAS,1,1,0.9982715845108032,100,25.0,1
1749132180000000000,AAPL,XNAS,1,-1,0.9993927478790283,100,100.0,1
1749132180000000000,AAPL,XNAS,2,1,0.9982248544692993,100,51.0,1
1749132180000000000,AAPL,XNAS,2,-1,0.9994394183158875,100,100.0,1
1749132182000000000,AAPL,XNAS,1,1,0.9982248544692993,100,43.0,1
1749132182000000000,AAPL,XNAS,1,-1,0.9988788962364197,100,100.0,1
1749132182000000000,AAPL,XNAS,2,1,0.9976643323898315,100,46.0,1
1749132182000000000,AAPL,XNAS,2,-1,0.9994394183158875,100,100.0,1
1749132183000000000,AAPL,XNAS,1,1,0.9982248544692993,100,93.0,1
1749132183000000000,AAPL,XNAS,1,-1,0.998738706111908,100,200.0,1
1749132183000000000,AAPL,XNAS,2,1,0.9976643323898315,100,46.0,1
1749132183000000000,AAPL,XNAS,2,-1,0.9988788962364197,100,100.0,1
1749132184000000000,AAPL,XNAS,1,1,0.9982248544692993,100,93.0,1
1749132184000000000,AAPL,XNAS,1,-1,0.998738706111908,100,200.0,1
1749132184000000000,AAPL,XNAS,2,1,0.9980380535125732,100,13.0,1
1749132184000000000,AAPL,XNAS,2,-1,0.9988788962364197,100,100.0,1
1749132185000000000,AAPL,XNAS,1,1,0.9982248544692993,100,93.0,1
1749132185000000000,AAPL,XNAS,1,-1,0.998738706111908,100,100.0,1
1749132185000000000,AAPL,XNAS,2,1,0.9980380535125732,100,13.0,1
1749132185000000000,AAPL,XNAS,2,-1,0.9988788962364197,100,100.0,1
1749132186000000000,AAPL,XNAS,1,1,0.9982248544692993,100,43.0,1
1749132186000000000,AAPL,XNAS,1,-1,0.998738706111908,100,100.0,1
1749132186000000000,AAPL,XNAS,2,1,0.9980380535125732,100,13.0,1
1749132186000000000,AAPL,XNAS,2,-1,0.9988788962364197,100,100.0,1
1749132191000000000,AAPL,XNAS,1,1,0.9982248544692993,100,10.0,1
1749132191000000000,AAPL,XNAS,1,-1,0.998738706111908,100,100.0,1
1749132191000000000,AAPL,XNAS,2,1,0.9980380535125732,100,13.0,1
1749132191000000000,AAPL,XNAS,2,-1,0.9988788962364197,100,100.0,1
1749132194000000000,AAPL,XNAS,1,1,0.9982248544692993,100,10.0,1
1749132194000000000,AAPL,XNAS,1,-1,0.998738706111908,100,200.0,1
1749132194000000000,AAPL,XNAS,2,1,0.9980380535125732,100,13.0,1
1749132194000000000,AAPL,XNAS,2,-1,0.9988788962364197,100,100.0,1
1749132213000000000,AAPL,XNAS,1,1,0.9982248544692993,100,10.0,1
1749132213000000000,AAPL,XNAS,1,-1,0.998738706111908,100,200.0,1
1749132213000000000,AAPL,XNAS,2,1,0.9980380535125732,100,36.0,1
1749132213000000000,AAPL,XNAS,2,-1,0.9988788962364197,100,100.0,1
1749132235000000000,AAPL,XNAS,1,1,0.9982248544692993,100,103.0,1
1749132235000000000,AAPL,XNAS,1,-1,0.998738706111908,100,200.0,1
1749132235000000000,AAPL,XNAS,2,1,0.9980380535125732,100,23.0,1
1749132235000000000,AAPL,XNAS,2,-1,0.9994394183158875,100,100.0,1
1749132236000000000,AAPL,XNAS,1,1,0.9984584450721741,100,3.0,1
1749132236000000000,AAPL,XNAS,1,-1,0.998738706111908,100,200.0,1
1749132236000000000,AAPL,XNAS,2,1,0.9982248544692993,100,103.0,1
1749132236000000000,AAPL,XNAS,2,-1,0.9994394183158875,100,100.0,1
1749132238000000000,AAPL,XNAS,1,1,0.998738706111908,100,146.0,1
1749132238000000000,AAPL,XNAS,1,-1,1.000046730041504,100,100.0,1
1749132238000000000,AAPL,XNAS,2,1,0.9986920356750488,100,125.0,1
1749132238000000000,AAPL,XNAS,2,-1,1.0000934600830078,100,200.0,1
1749132239000000000,AAPL,XNAS,1,1,0.998738706111908,100,196.0,1
1749132239000000000,AAPL,XNAS,1,-1,1.0,100,100.0,1
1749132239000000000,AAPL,XNAS,2,1,0.9986920356750488,100,125.0,1
1749132239000000000,AAPL,XNAS,2,-1,1.000046730041504,100,200.0,1
1749132240000000000,AAPL,XNAS,1,1,0.998738706111908,100,150.0,1
1749132240000000000,AAPL,XNAS,1,-1,0.9999532699584961,100,100.0,1
1749132240000000000,AAPL,XNAS,2,1,0.9986920356750488,100,125.0,1
1749132240000000000,AAPL,XNAS,2,-1,1.000046730041504,100,200.0,1
1749132241000000000,AAPL,XNAS,1,1,0.998738706111908,100,150.0,1
1749132241000000000,AAPL,XNAS,1,-1,0.999906599521637,100,100.0,1
1749132241000000000,AAPL,XNAS,2,1,0.9986920356750488,100,125.0,1
1749132241000000000,AAPL,XNAS,2,-1,0.9999532699584961,100,200.0,1
1749132242000000000,AAPL,XNAS,1,1,0.998738706111908,100,150.0,1
1749132242000000000,AAPL,XNAS,1,-1,0.9998598694801331,100,100.0,1
1749132242000000000,AAPL,XNAS,2,1,0.9986920356750488,100,125.0,1
1749132242000000000,AAPL,XNAS,2,-1,0.9999532699584961,100,200.0,1
1749132246000000000,AAPL,XNAS,1,1,0.998738706111908,100,150.0,1
1749132246000000000,AAPL,XNAS,1,-1,0.9998598694801331,100,100.0,1
1749132246000000000,AAPL,XNAS,2,1,0.9986920356750488,100,25.0,1
1749132246000000000,AAPL,XNAS,2,-1,0.9999532699584961,100,200.0,1
1749132247000000000,AAPL,XNAS,1,1,0.998738706111908,100,160.0,1
1749132247000000000,AAPL,XNAS,1,-1,0.9998598694801331,100,100.0,1
1749132247000000000,AAPL,XNAS,2,1,0.9986920356750488,100,25.0,1
1749132247000000000,AAPL,XNAS,2,-1,0.9999532699584961,100,200.0,1
1749132248000000000,AAPL,XNAS,1,1,0.998738706111908,100,160.0,1
1749132248000000000,AAPL,XNAS,1,-1,0.999906599521637,100,100.0,1
1749132248000000000,AAPL,XNAS,2,1,0.9986920356750488,100,25.0,1
1749132248000000000,AAPL,XNAS,2,-1,0.9999532699584961,100,200.0,1
1749132250000000000,AAPL,XNAS,1,1,0.998738706111908,100,160.0,1
1749132250000000000,AAPL,XNAS,1,-1,0.9998598694801331,100,100.0,1
1749132250000000000,AAPL,XNAS,2,1,0.9986920356750488,100,25.0,1
1749132250000000000,AAPL,XNAS,2,-1,0.9999532699584961,100,200.0,1
1749132264000000000,AAPL,XNAS,1,1,0.998738706111908,100,163.0,1
1749132264000000000,AAPL,XNAS,1,-1,0.9993927478790283,100,90.0,1
1749132264000000000,AAPL,XNAS,2,1,0.9986920356750488,100,25.0,1
1749132264000000000,AAPL,XNAS,2,-1,0.9999532699584961,100,200.0,1
1749132273000000000,AAPL,XNAS,1,1,0.998738706111908,100,263.0,2
1749132273000000000,AAPL,XNAS,1,-1,0.9993927478790283,100,90.0,1
1749132273000000000,AAPL,XNAS,2,1,0.9986920356750488,100,25.0,1
1749132273000000000,AAPL,XNAS,2,-1,0.9994394183158875,100,100.0,1
1749132274000000000,AAPL,XNAS,1,1,0.998738706111908,100,263.0,2
1749132274000000000,AAPL,XNAS,1,-1,0.9993927478790283,100,90.0,1
1749132274000000000,AAPL,XNAS,2,1,0.9986920356750488,100,25.0,1
1749132274000000000,AAPL,XNAS,2,-1,0.9994394183158875,100,101.0,1
1749132283000000000,AAPL,XNAS,1,1,0.9987854361534119,100,276.0,2
1749132283000000000,AAPL,XNAS,1,-1,0.9994394183158875,100,101.0,1
1749132283000000000,AAPL,XNAS,2,1,0.998738706111908,100,193.0,1
1749132283000000000,AAPL,XNAS,2,-1,0.9999532699584961,100,200.0,1
1749132284000000000,AAPL,XNAS,1,1,0.9987854361534119,100,480.0,4
1749132284000000000,AAPL,XNAS,1,-1,0.9994394183158875,100,101.0,1
1749132284000000000,AAPL,XNAS,2,1,0.998738706111908,100,193.0,1
1749132284000000000,AAPL,XNAS,2,-1,0.9999532699584961,100,200.0,1
1749132285000000000,AAPL,XNAS,1,1,0.9987854361534119,100,480.0,4
1749132285000000000,AAPL,XNAS,1,-1,0.9994394183158875,100,101.0,1
1749132285000000000,AAPL,XNAS,2,1,0.998738706111908,100,193.0,1
1749132285000000000,AAPL,XNAS,2,-1,0.9999532699584961,100,200.0,1
1749132289000000000,AAPL,XNAS,1,1,0.9987854361534119,100,457.0,3
1749132289000000000,AAPL,XNAS,1,-1,0.9994394183158875,100,101.0,1
1749132289000000000,AAPL,XNAS,2,1,0.998738706111908,100,193.0,1
1749132289000000000,AAPL,XNAS,2,-1,0.9999532699584961,100,200.0,1
1749132299000000000,AAPL,XNAS,1,1,0.9990190267562866,100,20.0,1
1749132299000000000,AAPL,XNAS,1,-1,0.9994394183158875,100,101.0,1
1749132299000000000,AAPL,XNAS,2,1,0.9989255666732788,100,100.0,1
1749132299000000000,AAPL,XNAS,2,-1,0.9999532699584961,100,200.0,1
1749132300000000000,AAPL,XNAS,1,1,0.9990190267562866,100,120.0,1
1749132300000000000,AAPL,XNAS,1,-1,0.9994394183158875,100,101.0,1
1749132300000000000,AAPL,XNAS,2,1,0.9988321661949158,100,100.0,1
1749132300000000000,AAPL,XNAS,2,-1,0.9999532699584961,100,200.0,1
1749132301000000000,AAPL,XNAS,1,1,0.9991591572761536,100,25.0,1
1749132301000000000,AAPL,XNAS,1,-1,0.9999532699584961,100,200.0,1
1749132301000000000,AAPL,XNAS,2,1,0.9991124272346497,100,20.0,1
1749132301000000000,AAPL,XNAS,2,-1,1.000046730041504,100,200.0,1
1749132302000000000,AAPL,XNAS,1,1,0.9991591572761536,100,25.0,1
1749132302000000000,AAPL,XNAS,1,-1,0.9996730089187622,100,100.0,1
1749132302000000000,AAPL,XNAS,2,1,0.9991124272346497,100,120.0,1
1749132302000000000,AAPL,XNAS,2,-1,0.9999532699584961,100,200.0,1
1749132303000000000,AAPL,XNAS,1,1,0.9991591572761536,100,25.0,1
1749132303000000000,AAPL,XNAS,1,-1,0.9997197389602661,100,100.0,1
1749132303000000000,AAPL,XNAS,2,1,0.9991124272346497,100,120.0,1
1749132303000000000,AAPL,XNAS,2,-1,0.9999532699584961,100,200.0,1
1749132304000000000,AAPL,XNAS,1,1,0.9991591572761536,100,25.0,1
1749132304000000000,AAPL,XNAS,1,-1,0.9997197389602661,100,100.0,1
1749132304000000000,AAPL,XNAS,2,1,0.9991124272346497,100,220.0,1
1749132304000000000,AAPL,XNAS,2,-1,0.9999532699584961,100,200.0,1
1749132306000000000,AAPL,XNAS,1,1,0.9991591572761536,100,25.0,1
1749132306000000000,AAPL,XNAS,1,-1,0.9997197389602661,100,100.0,1
1749132306000000000,AAPL,XNAS,2,1,0.9991124272346497,100,220.0,1
1749132306000000000,AAPL,XNAS,2,-1,0.9999532699584961,100,200.0,1
1749132309000000000,AAPL,XNAS,1,1,0.9992992877960205,100,213.0,1
1749132309000000000,AAPL,XNAS,1,-1,0.9997664093971252,100,100.0,1
1749132309000000000,AAPL,XNAS,2,1,0.9992525577545166,100,93.0,1
1749132309000000000,AAPL,XNAS,2,-1,0.9999532699584961,100,200.0,1
1749132310000000000,AAPL,XNAS,1,1,0.9993460178375244,100,90.0,1
1749132310000000000,AAPL,XNAS,1,-1,0.9998598694801331,100,100.0,1
1749132310000000000,AAPL,XNAS,2,1,0.9992992877960205,100,213.0,1
1749132310000000000,AAPL,XNAS,2,-1,1.0001401901245117,100,100.0,1
1749132311000000000,AAPL,XNAS,1,1,0.9993460178375244,100,210.0,1
1749132311000000000,AAPL,XNAS,1,-1,0.999906599521637,100,100.0,1
1749132311000000000,AAPL,XNAS,2,1,0.9992992877960205,100,213.0,1
1749132311000000000,AAPL,XNAS,2,-1,1.0001401901245117,100,100.0,1
1749132312000000000,AAPL,XNAS,1,1,0.9993460178375244,100,210.0,1
1749132312000000000,AAPL,XNAS,1,-1,0.999906599521637,100,100.0,1
1749132312000000000,AAPL,XNAS,2,1,0.9992992877960205,100,213.0,1
1749132312000000000,AAPL,XNAS,2,-1,1.0001401901245117,100,100.0,1
1749132314000000000,AAPL,XNAS,1,1,0.9993460178375244,100,210.0,1
1749132314000000000,AAPL,XNAS,1,-1,0.999906599521637,100,100.0,1
1749132314000000000,AAPL,XNAS,2,1,0.9992992877960205,100,213.0,1
1749132314000000000,AAPL,XNAS,2,-1,1.0001401901245117,100,100.0,1
1749132315000000000,AAPL,XNAS,1,1,0.9993460178375244,100,210.0,1
1749132315000000000,AAPL,XNAS,1,-1,0.999906599521637,100,100.0,1
1749132315000000000,AAPL,XNAS,2,1,0.9992992877960205,100,213.0,1
1749132315000000000,AAPL,XNAS,2,-1,1.0001401901245117,100,100.0,1
1749132316000000000,AAPL,XNAS,1,1,0.9993460178375244,100,210.0,1
1749132316000000000,AAPL,XNAS,1,-1,0.999906599521637,100,100.0,1
1749132316000000000,AAPL,XNAS,2,1,0.9992992877960205,100,213.0,1
1749132316000000000,AAPL,XNAS,2,-1,1.0001401901245117,100,100.0,1
1749132318000000000,AAPL,XNAS,1,1,0.9993460178375244,100,210.0,1
1749132318000000000,AAPL,XNAS,1,-1,0.999906599521637,100,100.0,1
1749132318000000000,AAPL,XNAS,2,1,0.9992992877960205,100,213.0,1
1749132318000000000,AAPL,XNAS,2,-1,1.0000934600830078,100,87.0,1
1749132321000000000,AAPL,XNAS,1,1,0.9993460178375244,100,210.0,1
1749132321000000000,AAPL,XNAS,1,-1,0.9998598694801331,100,1.0,1
1749132321000000000,AAPL,XNAS,2,1,0.9992992877960205,100,213.0,1
1749132321000000000,AAPL,XNAS,2,-1,0.999906599521637,100,100.0,1
1749132328000000000,AAPL,XNAS,1,1,0.9993460178375244,100,210.0,1
1749132328000000000,AAPL,XNAS,1,-1,0.9998598694801331,100,1.0,1
1749132328000000000,AAPL,XNAS,2,1,0.9992992877960205,100,213.0,1
1749132328000000000,AAPL,XNAS,2,-1,0.999906599521637,100,100.0,1
1749132335000000000,AAPL,XNAS,1,1,0.9993460178375244,100,410.0,3
1749132335000000000,AAPL,XNAS,1,-1,0.9998598694801331,100,1.0,1
1749132335000000000,AAPL,XNAS,2,1,0.9992992877960205,100,213.0,1
1749132335000000000,AAPL,XNAS,2,-1,0.999906599521637,100,100.0,1
1749132337000000000,AAPL,XNAS,1,1,0.9993460178375244,100,310.0,2
1749132337000000000,AAPL,XNAS,1,-1,0.9998598694801331,100,1.0,1
1749132337000000000,AAPL,XNAS,2,1,0.9992992877960205,100,213.0,1
1749132337000000000,AAPL,XNAS,2,-1,0.999906599521637,100,100.0,1
1749132341000000000,AAPL,XNAS,1,1,0.9993460178375244,100,220.0,1
1749132341000000000,AAPL,XNAS,1,-1,0.9998598694801331,100,1.0,1
1749132341000000000,AAPL,XNAS,2,1,0.9992992877960205,100,213.0,1
1749132341000000000,AAPL,XNAS,2,-1,0.999906599521637,100,100.0,1
1749132342000000000,AAPL,XNAS,1,1,0.9993460178375244,100,120.0,1
1749132342000000000,AAPL,XNAS,1,-1,0.9998598694801331,100,1.0,1
1749132342000000000,AAPL,XNAS,2,1,0.9992992877960205,100,213.0,1
1749132342000000000,AAPL,XNAS,2,-1,0.999906599521637,100,100.0,1
1749132345000000000,AAPL,XNAS,1,1,0.9993460178375244,100,120.0,1
1749132345000000000,AAPL,XNAS,1,-1,0.9998598694801331,100,1.0,1
1749132345000000000,AAPL,XNAS,2,1,0.9992992877960205,100,213.0,1
1749132345000000000,AAPL,XNAS,2,-1,1.0000934600830078,100,87.0,1
1749132348000000000,AAPL,XNAS,1,1,0.9993460178375244,100,120.0,1
1749132348000000000,AAPL,XNAS,1,-1,0.9998598694801331,100,1.0,1
1749132348000000000,AAPL,XNAS,2,1,0.9992992877960205,100,213.0,1
1749132348000000000,AAPL,XNAS,2,-1,1.0000934600830078,100,87.0,1
1749132351000000000,AAPL,XNAS,1,1,0.9993460178375244,100,120.0,1
1749132351000000000,AAPL,XNAS,1,-1,0.9998598694801331,100,1.0,1
1749132351000000000,AAPL,XNAS,2,1,0.9992992877960205,100,213.0,1
1749132351000000000,AAPL,XNAS,2,-1,0.999906599521637,100,100.0,1
1749132372000000000,AAPL,XNAS,1,1,0.9993460178375244,100,120.0,1
1749132372000000000,AAPL,XNAS,1,-1,0.9998131394386292,100,100.0,1
1749132372000000000,AAPL,XNAS,2,1,0.9992992877960205,100,213.0,1
1749132372000000000,AAPL,XNAS,2,-1,0.9998598694801331,100,1.0,1
1749132375000000000,AAPL,XNAS,1,1,0.9993460178375244,100,120.0,1
1749132375000000000,AAPL,XNAS,1,-1,0.9998598694801331,100,1.0,1
1749132375000000000,AAPL,XNAS,2,1,0.9992992877960205,100,213.0,1
1749132375000000000,AAPL,XNAS,2,-1,0.999906599521637,100,100.0,1
1749132377000000000,AAPL,XNAS,1,1,0.9993460178375244,100,120.0,1
1749132377000000000,AAPL,XNAS,1,-1,0.9998598694801331,100,101.0,1
1749132377000000000,AAPL,XNAS,2,1,0.9992992877960205,100,213.0,1
1749132377000000000,AAPL,XNAS,2,-1,0.999906599521637,100,100.0,1
1749132384000000000,AAPL,XNAS,1,1,0.9993460178375244,100,220.0,1
1749132384000000000,AAPL,XNAS,1,-1,0.9998598694801331,100,101.0,1
1749132384000000000,AAPL,XNAS,2,1,0.9992992877960205,100,213.0,1
1749132384000000000,AAPL,XNAS,2,-1,0.999906599521637,100,100.0,1
1749132387000000000,AAPL,XNAS,1,1,0.9993460178375244,100,320.0,2
1749132387000000000,AAPL,XNAS,1,-1,0.9998598694801331,100,101.0,1
1749132387000000000,AAPL,XNAS,2,1,0.9992992877960205,100,213.0,1
1749132387000000000,AAPL,XNAS,2,-1,0.999906599521637,100,100.0,1
1749132388000000000,AAPL,XNAS,1,1,0.9994394183158875,100,113.0,1
1749132388000000000,AAPL,XNAS,1,-1,0.9998598694801331,100,101.0,1
1749132388000000000,AAPL,XNAS,2,1,0.9993460178375244,100,200.0,1
1749132388000000000,AAPL,XNAS,2,-1,1.0000934600830078,100,87.0,1
1749132389000000000,AAPL,XNAS,1,1,0.9994394183158875,100,213.0,1
1749132389000000000,AAPL,XNAS,1,-1,0.9998598694801331,100,101.0,1
1749132389000000000,AAPL,XNAS,2,1,0.9993460178375244,100,200.0,1
1749132389000000000,AAPL,XNAS,2,-1,1.0000934600830078,100,87.0,1
1749132391000000000,AAPL,XNAS,1,1,0.9989722967147827,100,15.0,1
1749132391000000000,AAPL,XNAS,1,-1,0.9995795488357544,100,100.0,1
1749132391000000000,AAPL,XNAS,2,1,0.9987854361534119,100,9.0,1
1749132391000000000,AAPL,XNAS,2,-1,0.9998598694801331,100,101.0,1
1749132392000000000,AAPL,XNAS,1,1,0.9989722967147827,100,15.0,1
1749132392000000000,AAPL,XNAS,1,-1,0.9995328783988953,100,200.0,1
1749132392000000000,AAPL,XNAS,2,1,0.9987854361534119,100,9.0,1
1749132392000000000,AAPL,XNAS,2,-1,0.9995795488357544,100,100.0,1
1749132393000000000,AAPL,XNAS,1,1,0.9987854361534119,100,9.0,1
1749132393000000000,AAPL,XNAS,1,-1,0.9994861483573914,100,90.0,1
1749132393000000000,AAPL,XNAS,2,1,0.9986453056335449,100,100.0,1
1749132393000000000,AAPL,XNAS,2,-1,0.9995328783988953,100,200.0,1
1749132394000000000,AAPL,XNAS,1,1,0.9988321661949158,100,100.0,1
1749132394000000000,AAPL,XNAS,1,-1,0.9994861483573914,100,90.0,1
1749132394000000000,AAPL,XNAS,2,1,0.9987854361534119,100,9.0,1
1749132394000000000,AAPL,XNAS,2,-1,0.9995328783988953,100,200.0,1
1749132396000000000,AAPL,XNAS,1,1,0.9987854361534119,100,9.0,1
1749132396000000000,AAPL,XNAS,1,-1,0.9993927478790283,100,90.0,1
1749132396000000000,AAPL,XNAS,2,1,0.998598575592041,100,100.0,1
1749132396000000000,AAPL,XNAS,2,-1,0.9995328783988953,100,200.0,1
1749132397000000000,AAPL,XNAS,1,1,0.9987854361534119,100,34.0,1
1749132397000000000,AAPL,XNAS,1,-1,0.9993927478790283,100,90.0,1
1749132397000000000,AAPL,XNAS,2,1,0.998598575592041,100,100.0,1
1749132397000000000,AAPL,XNAS,2,-1,0.9995328783988953,100,200.0,1
1749132402000000000,AAPL,XNAS,1,1,0.9987854361534119,100,9.0,1
1749132402000000000,AAPL,XNAS,1,-1,0.9993927478790283,100,90.0,1
1749132402000000000,AAPL,XNAS,2,1,0.9982715845108032,100,24.0,1
1749132402000000000,AAPL,XNAS,2,-1,0.9995328783988953,100,200.0,1
1749132404000000000,AAPL,XNAS,1,1,0.9987854361534119,100,13.0,1
1749132404000000000,AAPL,XNAS,1,-1,0.9993927478790283,100,90.0,1
1749132404000000000,AAPL,XNAS,2,1,0.9982715845108032,100,24.0,1
1749132404000000000,AAPL,XNAS,2,-1,0.9995328783988953,100,100.0,1
1749132434000000000,AAPL,XNAS,1,1,0.9977577328681946,100,100.0,1
1749132434000000000,AAPL,XNAS,1,-1,0.9986920356750488,100,90.0,1
1749132434000000000,AAPL,XNAS,2,1,0.9977110028266907,100,46.0,1
1749132434000000000,AAPL,XNAS,2,-1,0.998738706111908,100,100.0,1
1749132435000000000,AAPL,XNAS,1,1,0.9977577328681946,100,100.0,1
1749132435000000000,AAPL,XNAS,1,-1,0.9986920356750488,100,90.0,1
1749132435000000000,AAPL,XNAS,2,1,0.9977110028266907,100,46.0,1
1749132435000000000,AAPL,XNAS,2,-1,0.9991124272346497,100,100.0,1
1749132436000000000,AAPL,XNAS,1,1,0.9978978633880615,100,7.0,1
1749132436000000000,AAPL,XNAS,1,-1,0.9986920356750488,100,90.0,1
1749132436000000000,AAPL,XNAS,2,1,0.9977110028266907,100,46.0,1
1749132436000000000,AAPL,XNAS,2,-1,0.9991124272346497,100,100.0,1
1749132437000000000,AAPL,XNAS,1,1,0.9981314539909363,100,8.0,1
1749132437000000000,AAPL,XNAS,1,-1,0.9986920356750488,100,90.0,1
1749132437000000000,AAPL,XNAS,2,1,0.9978978633880615,100,7.0,1
1749132437000000000,AAPL,XNAS,2,-1,0.9991124272346497,100,100.0,1
1749132438000000000,AAPL,XNAS,1,1,0.9981314539909363,100,101.0,1
1749132438000000000,AAPL,XNAS,1,-1,0.9986920356750488,100,90.0,1
1749132438000000000,AAPL,XNAS,2,1,0.9978978633880615,100,7.0,1
1749132438000000000,AAPL,XNAS,2,-1,0.9991124272346497,100,100.0,1
1749132440000000000,AAPL,XNAS,1,1,0.9981314539909363,100,101.0,1
1749132440000000000,AAPL,XNAS,1,-1,0.9986920356750488,100,190.0,1
1749132440000000000,AAPL,XNAS,2,1,0.9978978633880615,100,7.0,1
1749132440000000000,AAPL,XNAS,2,-1,0.9991124272346497,100,100.0,1
1749132446000000000,AAPL,XNAS,1,1,0.9981314539909363,100,101.0,1
1749132446000000000,AAPL,XNAS,1,-1,0.9986920356750488,100,100.0,1
1749132446000000000,AAPL,XNAS,2,1,0.9978978633880615,100,7.0,1
1749132446000000000,AAPL,XNAS,2,-1,0.9991124272346497,100,100.0,1
1749132464000000000,AAPL,XNAS,1,1,0.9981314539909363,100,103.0,1
1749132464000000000,AAPL,XNAS,1,-1,0.9986920356750488,100,100.0,1
1749132464000000000,AAPL,XNAS,2,1,0.9978978633880615,100,7.0,1
1749132464000000000,AAPL,XNAS,2,-1,0.9991124272346497,100,100.0,1
1749132474000000000,AAPL,XNAS,1,1,0.9981314539909363,100,103.0,1
1749132474000000000,AAPL,XNAS,1,-1,0.9986920356750488,100,200.0,1
1749132474000000000,AAPL,XNAS,2,1,0.9978978633880615,100,7.0,1
1749132474000000000,AAPL,XNAS,2,-1,0.9991124272346497,100,100.0,1
1749132480000000000,AAPL,XNAS,1,1,0.9981314539909363,100,103.0,1
1749132480000000000,AAPL,XNAS,1,-1,0.9986920356750488,100,200.0,1
1749132480000000000,AAPL,XNAS,2,1,0.9980847239494324,100,20.0,1
1749132480000000000,AAPL,XNAS,2,-1,0.9991124272346497,100,100.0,1
1749132485000000000,AAPL,XNAS,1,1,0.9981314539909363,100,10.0,1
1749132485000000000,AAPL,XNAS,1,-1,0.9986453056335449,100,109.0,1
1749132485000000000,AAPL,XNAS,2,1,0.9980847239494324,100,20.0,1
1749132485000000000,AAPL,XNAS,2,-1,0.9986920356750488,100,200.0,1
1749132486000000000,AAPL,XNAS,1,1,0.9981314539909363,100,31.0,1
1749132486000000000,AAPL,XNAS,1,-1,0.9986453056335449,100,109.0,1
1749132486000000000,AAPL,XNAS,2,1,0.9980847239494324,100,20.0,1
1749132486000000000,AAPL,XNAS,2,-1,0.9986920356750488,100,100.0,1
1749132487000000000,AAPL,XNAS,1,1,0.9981314539909363,100,39.0,1
1749132487000000000,AAPL,XNAS,1,-1,0.9986453056335449,100,91.0,1
1749132487000000000,AAPL,XNAS,2,1,0.9980847239494324,100,20.0,1
1749132487000000000,AAPL,XNAS,2,-1,0.9986920356750488,100,100.0,1
1749132488000000000,AAPL,XNAS,1,1,0.9981314539909363,100,39.0,1
1749132488000000000,AAPL,XNAS,1,-1,0.9986453056335449,100,191.0,1
1749132488000000000,AAPL,XNAS,2,1,0.9980847239494324,100,20.0,1
1749132488000000000,AAPL,XNAS,2,-1,0.9986920356750488,100,100.0,1
1749132492000000000,AAPL,XNAS,1,1,0.9981314539909363,100,31.0,1
1749132492000000000,AAPL,XNAS,1,-1,0.9986453056335449,100,191.0,1
1749132492000000000,AAPL,XNAS,2,1,0.9980847239494324,100,20.0,1
1749132492000000000,AAPL,XNAS,2,-1,0.9986920356750488,100,100.0,1
1749132494000000000,AAPL,XNAS,1,1,0.9981314539909363,100,39.0,1
1749132494000000000,AAPL,XNAS,1,-1,0.9986453056335449,100,191.0,1
1749132494000000000,AAPL,XNAS,2,1,0.9980847239494324,100,20.0,1
1749132494000000000,AAPL,XNAS,2,-1,0.9986920356750488,100,100.0,1
1749132512000000000,AAPL,XNAS,1,1,0.9984117150306702,100,1.0,1
1749132512000000000,AAPL,XNAS,1,-1,0.9986453056335449,100,191.0,1
1749132512000000000,AAPL,XNAS,2,1,0.998365044593811,100,20.0,1
1749132512000000000,AAPL,XNAS,2,-1,0.9986920356750488,100,100.0,1
1749132514000000000,AAPL,XNAS,1,1,0.9981314539909363,100,39.0,1
1749132514000000000,AAPL,XNAS,1,-1,0.998598575592041,100,90.0,1
1749132514000000000,AAPL,XNAS,2,1,0.9977110028266907,100,46.0,1
1749132514000000000,AAPL,XNAS,2,-1,0.9986453056335449,100,101.0,1
1749132515000000000,AAPL,XNAS,1,1,0.9981314539909363,100,39.0,1
1749132515000000000,AAPL,XNAS,1,-1,0.998598575592041,100,90.0,1
1749132515000000000,AAPL,XNAS,2,1,0.9977110028266907,100,48.0,1
1749132515000000000,AAPL,XNAS,2,-1,0.9986453056335449,100,101.0,1
1749132520000000000,AAPL,XNAS,1,1,0.9981314539909363,100,39.0,1
1749132520000000000,AAPL,XNAS,1,-1,0.9986453056335449,100,1.0,1
1749132520000000000,AAPL,XNAS,2,1,0.9977110028266907,100,48.0,1
1749132520000000000,AAPL,XNAS,2,-1,0.9986920356750488,100,100.0,1
1749132521000000000,AAPL,XNAS,1,1,0.9981314539909363,100,39.0,1
1749132521000000000,AAPL,XNAS,1,-1,0.9986453056335449,100,1.0,1
1749132521000000000,AAPL,XNAS,2,1,0.9977110028266907,100,48.0,1
1749132521000000000,AAPL,XNAS,2,-1,0.9986920356750488,100,100.0,1
1749132523000000000,AAPL,XNAS,1,1,0.9981314539909363,100,39.0,1
1749132523000000000,AAPL,XNAS,1,-1,0.9986453056335449,100,1.0,1
1749132523000000000,AAPL,XNAS,2,1,0.9977110028266907,100,48.0,1
1749132523000000000,AAPL,XNAS,2,-1,0.9986920356750488,100,200.0,1
1749132524000000000,AAPL,XNAS,1,1,0.9981314539909363,100,39.0,1
1749132524000000000,AAPL,XNAS,1,-1,0.9986453056335449,100,101.0,1
1749132524000000000,AAPL,XNAS,2,1,0.9977110028266907,100,48.0,1
1749132524000000000,AAPL,XNAS,2,-1,0.9986920356750488,100,200.0,1
1749132532000000000,AAPL,XNAS,1,1,0.9981314539909363,100,39.0,1
1749132532000000000,AAPL,XNAS,1,-1,0.9986453056335449,100,100.0,1
1749132532000000000,AAPL,XNAS,2,1,0.9977110028266907,100,48.0,1
1749132532000000000,AAPL,XNAS,2,-1,0.9986920356750488,100,200.0,1
1749132549000000000,AAPL,XNAS,1,1,0.9981314539909363,100,31.0,1
1749132549000000000,AAPL,XNAS,1,-1,0.9986453056335449,100,100.0,1
1749132549000000000,AAPL,XNAS,2,1,0.9977110028266907,100,48.0,1
1749132549000000000,AAPL,XNAS,2,-1,0.9986920356750488,100,200.0,1
1749132550000000000,AAPL,XNAS,1,1,0.9981314539909363,100,40.0,1
1749132550000000000,AAPL,XNAS,1,-1,0.9986453056335449,100,100.0,1
1749132550000000000,AAPL,XNAS,2,1,0.9977110028266907,100,48.0,1
1749132550000000000,AAPL,XNAS,2,-1,0.9986920356750488,100,200.0,1
1749132551000000000,AAPL,XNAS,1,1,0.9981781840324402,100,90.0,1
1749132551000000000,AAPL,XNAS,1,-1,0.9986453056335449,100,100.0,1
1749132551000000000,AAPL,XNAS,2,1,0.9981314539909363,100,40.0,1
1749132551000000000,AAPL,XNAS,2,-1,0.9986920356750488,100,200.0,1
1749132554000000000,AAPL,XNAS,1,1,0.9981314539909363,100,40.0,1
1749132554000000000,AAPL,XNAS,1,-1,0.9986453056335449,100,102.0,1
1749132554000000000,AAPL,XNAS,2,1,0.9977110028266907,100,48.0,1
1749132554000000000,AAPL,XNAS,2,-1,0.9986920356750488,100,100.0,1
1749132560000000000,AAPL,XNAS,1,1,0.9981314539909363,100,40.0,1
1749132560000000000,AAPL,XNAS,1,-1,0.9986453056335449,100,203.0,1
1749132560000000000,AAPL,XNAS,2,1,0.9977110028266907,100,48.0,1
1749132560000000000,AAPL,XNAS,2,-1,0.9986920356750488,100,100.0,1
1749132568000000000,AAPL,XNAS,1,1,0.9981314539909363,100,40.0,1
1749132568000000000,AAPL,XNAS,1,-1,0.9986453056335449,100,103.0,1
1749132568000000000,AAPL,XNAS,2,1,0.9977110028266907,100,48.0,1
1749132568000000000,AAPL,XNAS,2,-1,0.9986920356750488,100,100.0,1
1749132584000000000,AAPL,XNAS,1,1,0.9981314539909363,100,38.0,1
1749132584000000000,AAPL,XNAS,1,-1,0.9986453056335449,100,103.0,1
1749132584000000000,AAPL,XNAS,2,1,0.9977110028266907,100,48.0,1
1749132584000000000,AAPL,XNAS,2,-1,0.9986920356750488,100,100.0,1
1749132600000000000,AAPL,XNAS,1,1,0.9948232769966125,99,26.0,1
1749132600000000000,AAPL,XNAS,1,-1,0.9982744455337524,100,100.0,1
1749132600000000000,AAPL,XNAS,2,1,0.9934427738189697,99,125.0,1
1749132600000000000,AAPL,XNAS,2,-1,0.9983237385749817,100,200.0,1
1749132601000000000,AAPL,XNAS,1,1,0.9948725700378418,99,149.0,1
1749132601000000000,AAPL,XNAS,1,-1,0.9981757998466492,100,100.0,1
1749132601000000000,AAPL,XNAS,2,1,0.9948232769966125,99,26.0,1
1749132601000000000,AAPL,XNAS,2,-1,0.9982250928878784,100,100.0,1
1749132602000000000,AAPL,XNAS,1,1,0.9950204491615295,100,49.0,1
1749132602000000000,AAPL,XNAS,1,-1,0.9972390532493591,100,18.0,1
1749132602000000000,AAPL,XNAS,2,1,0.9949711561203003,99,49.0,1
1749132602000000000,AAPL,XNAS,2,-1,0.9982250928878784,100,100.0,1
1749132604000000000,AAPL,XNAS,1,1,0.9952176809310913,100,49.0,1
1749132604000000000,AAPL,XNAS,1,-1,0.9984716176986694,100,100.0,1
1749132604000000000,AAPL,XNAS,2,1,0.9951683878898621,100,49.0,1
1749132604000000000,AAPL,XNAS,2,-1,0.9985209107398987,100,200.0,1
1749132607000000000,AAPL,XNAS,1,1,0.994921863079071,99,49.0,1
1749132607000000000,AAPL,XNAS,1,-1,0.9972390532493591,100,18.0,1
1749132607000000000,AAPL,XNAS,2,1,0.9948725700378418,99,100.0,1
1749132607000000000,AAPL,XNAS,2,-1,0.9985209107398987,100,200.0,1
1749132608000000000,AAPL,XNAS,1,1,0.994921863079071,99,49.0,1
1749132608000000000,AAPL,XNAS,1,-1,0.9984716176986694,100,100.0,1
1749132608000000000,AAPL,XNAS,2,1,0.9948725700378418,99,100.0,1
1749132608000000000,AAPL,XNAS,2,-1,0.9985209107398987,100,200.0,1
1749132610000000000,AAPL,XNAS,1,1,0.9950204491615295,100,49.0,1
1749132610000000000,AAPL,XNAS,1,-1,0.9972390532493591,100,18.0,1
1749132610000000000,AAPL,XNAS,2,1,0.9949711561203003,99,49.0,1
1749132610000000000,AAPL,XNAS,2,-1,0.9985209107398987,100,200.0,1
1749132616000000000,AAPL,XNAS,1,1,0.9950204491615295,100,49.0,1
1749132616000000000,AAPL,XNAS,1,-1,0.9972390532493591,100,18.0,1
1749132616000000000,AAPL,XNAS,2,1,0.9949711561203003,99,49.0,1
1749132616000000000,AAPL,XNAS,2,-1,0.9981757998466492,100,200.0,1
1749132617000000000,AAPL,XNAS,1,1,0.9950697422027588,100,100.0,1
1749132617000000000,AAPL,XNAS,1,-1,0.9972390532493591,100,18.0,1
1749132617000000000,AAPL,XNAS,2,1,0.9950204491615295,100,49.0,1
1749132617000000000,AAPL,XNAS,2,-1,0.9981757998466492,100,200.0,1
1749132619000000000,AAPL,XNAS,1,1,0.9950204491615295,100,49.0,1
1749132619000000000,AAPL,XNAS,1,-1,0.9971897602081299,100,18.0,1
1749132619000000000,AAPL,XNAS,2,1,0.9949711561203003,99,49.0,1
1749132619000000000,AAPL,XNAS,2,-1,0.9976334571838379,100,62.0,1
1749132620000000000,AAPL,XNAS,1,1,0.994921863079071,99,249.0,2
1749132620000000000,AAPL,XNAS,1,-1,0.9971897602081299,100,18.0,1
1749132620000000000,AAPL,XNAS,2,1,0.9934427738189697,99,25.0,1
1749132620000000000,AAPL,XNAS,2,-1,0.9973869919776917,100,1.0,1
1749132621000000000,AAPL,XNAS,1,1,0.994921863079071,99,249.0,2
1749132621000000000,AAPL,XNAS,1,-1,0.9971897602081299,100,18.0,1
1749132621000000000,AAPL,XNAS,2,1,0.9934427738189697,99,25.0,1
1749132621000000000,AAPL,XNAS,2,-1,0.9973869919776917,100,2.0,1
1749132623000000000,AAPL,XNAS,1,1,0.994921863079071,99,249.0,2
1749132623000000000,AAPL,XNAS,1,-1,0.9971897602081299,100,18.0,1
1749132623000000000,AAPL,XNAS,2,1,0.9934427738189697,99,25.0,1
1749132623000000000,AAPL,XNAS,2,-1,0.9973869919776917,100,64.0,1
1749132624000000000,AAPL,XNAS,1,1,0.994921863079071,99,349.0,2
1749132624000000000,AAPL,XNAS,1,-1,0.9971897602081299,100,18.0,1
1749132624000000000,AAPL,XNAS,2,1,0.9934427738189697,99,25.0,1
1749132624000000000,AAPL,XNAS,2,-1,0.9973869919776917,100,64.0,1
1749132628000000000,AAPL,XNAS,1,1,0.994921863079071,99,249.0,2
1749132628000000000,AAPL,XNAS,1,-1,0.9971897602081299,100,18.0,1
1749132628000000000,AAPL,XNAS,2,1,0.9934427738189697,99,25.0,1
1749132628000000000,AAPL,XNAS,2,-1,0.9973869919776917,100,64.0,1
1749132633000000000,AAPL,XNAS,1,1,0.994921863079071,99,249.0,2
1749132633000000000,AAPL,XNAS,1,-1,0.9971897602081299,100,18.0,1
1749132633000000000,AAPL,XNAS,2,1,0.9934427738189697,99,25.0,1
1749132633000000000,AAPL,XNAS,2,-1,0.9973869919776917,100,64.0,1
1749132638000000000,AAPL,XNAS,1,1,0.994921863079071,99,349.0,2
1749132638000000000,AAPL,XNAS,1,-1,0.9971897602081299,100,18.0,1
1749132638000000000,AAPL,XNAS,2,1,0.9934427738189697,99,25.0,1
1749132638000000000,AAPL,XNAS,2,-1,0.9973869919776917,100,64.0,1
1749132642000000000,AAPL,XNAS,1,1,0.994921863079071,99,349.0,2
1749132642000000000,AAPL,XNAS,1,-1,0.9971897602081299,100,25.0,1
1749132642000000000,AAPL,XNAS,2,1,0.9934427738189697,99,25.0,1
1749132642000000000,AAPL,XNAS,2,-1,0.9973869919776917,100,64.0,1
1749132643000000000,AAPL,XNAS,1,1,0.994921863079071,99,249.0,2
1749132643000000000,AAPL,XNAS,1,-1,0.9971897602081299,100,25.0,1
1749132643000000000,AAPL,XNAS,2,1,0.9934427738189697,99,25.0,1
1749132643000000000,AAPL,XNAS,2,-1,0.9972883462905884,100,2.0,1
1749132644000000000,AAPL,XNAS,1,1,0.994921863079071,99,249.0,2
1749132644000000000,AAPL,XNAS,1,-1,0.9971897602081299,100,25.0,1
1749132644000000000,AAPL,XNAS,2,1,0.9934427738189697,99,25.0,1
1749132644000000000,AAPL,XNAS,2,-1,0.9972390532493591,100,2.0,1
1749132645000000000,AAPL,XNAS,1,1,0.994921863079071,99,249.0,2
1749132645000000000,AAPL,XNAS,1,-1,0.9971897602081299,100,78.0,1
1749132645000000000,AAPL,XNAS,2,1,0.9934427738189697,99,25.0,1
1749132645000000000,AAPL,XNAS,2,-1,0.9972390532493591,100,2.0,1
1749132646000000000,AAPL,XNAS,1,1,0.994921863079071,99,249.0,2
1749132646000000000,AAPL,XNAS,1,-1,0.9971897602081299,100,78.0,1
1749132646000000000,AAPL,XNAS,2,1,0.9934427738189697,99,25.0,1
1749132646000000000,AAPL,XNAS,2,-1,0.9981265068054199,100,100.0,1
1749132647000000000,AAPL,XNAS,1,1,0.994921863079071,99,200.0,1
1749132647000000000,AAPL,XNAS,1,-1,0.9970911741256714,100,18.0,1
1749132647000000000,AAPL,XNAS,2,1,0.9934427738189697,99,25.0,1
1749132647000000000,AAPL,XNAS,2,-1,0.9971404671669006,100,300.0,2
1749132648000000000,AAPL,XNAS,1,1,0.9949711561203003,99,300.0,2
1749132648000000000,AAPL,XNAS,1,-1,0.9981265068054199,100,200.0,1
1749132648000000000,AAPL,XNAS,2,1,0.994921863079071,99,249.0,2
1749132648000000000,AAPL,XNAS,2,-1,0.9985702037811279,100,16.0,1
1749132649000000000,AAPL,XNAS,1,1,0.9954642057418823,100,200.0,1
1749132649000000000,AAPL,XNAS,1,-1,0.9979786276817322,100,100.0,1
1749132649000000000,AAPL,XNAS,2,1,0.9949711561203003,99,100.0,1
1749132649000000000,AAPL,XNAS,2,-1,0.9980279207229614,100,100.0,1
1749132650000000000,AAPL,XNAS,1,1,0.9954642057418823,100,100.0,1
1749132650000000000,AAPL,XNAS,1,-1,0.9979786276817322,100,300.0,2
1749132650000000000,AAPL,XNAS,2,1,0.9949711561203003,99,100.0,1
1749132650000000000,AAPL,XNAS,2,-1,0.9980279207229614,100,100.0,1
1749132655000000000,AAPL,XNAS,1,1,0.9954642057418823,100,100.0,1
1749132655000000000,AAPL,XNAS,1,-1,0.9979292750358582,100,100.0,1
1749132655000000000,AAPL,XNAS,2,1,0.9949711561203003,99,100.0,1
1749132655000000000,AAPL,XNAS,2,-1,0.9979786276817322,100,200.0,1
1749132657000000000,AAPL,XNAS,1,1,0.9950697422027588,100,100.0,1
1749132657000000000,AAPL,XNAS,1,-1,0.9979292750358582,100,100.0,1
1749132657000000000,AAPL,XNAS,2,1,0.9950204491615295,100,100.0,1
1749132657000000000,AAPL,XNAS,2,-1,0.9979786276817322,100,200.0,1
1749132658000000000,AAPL,XNAS,1,1,0.9956613779067993,100,200.0,1
1749132658000000000,AAPL,XNAS,1,-1,0.9978799819946289,100,100.0,1
1749132658000000000,AAPL,XNAS,2,1,0.9950204491615295,100,211.0,1
1749132658000000000,AAPL,XNAS,2,-1,0.9979292750358582,100,100.0,1
1749132660000000000,AAPL,XNAS,1,1,0.9956613779067993,100,200.0,1
1749132660000000000,AAPL,XNAS,1,-1,0.9978799819946289,100,200.0,1
1749132660000000000,AAPL,XNAS,2,1,0.9950204491615295,100,211.0,1
1749132660000000000,AAPL,XNAS,2,-1,0.9979292750358582,100,100.0,1
1749132663000000000,AAPL,XNAS,1,1,0.9956613779067993,100,100.0,1
1749132663000000000,AAPL,XNAS,1,-1,0.9978306889533997,100,100.0,1
1749132663000000000,AAPL,XNAS,2,1,0.9950204491615295,100,211.0,1
1749132663000000000,AAPL,XNAS,2,-1,0.9978799819946289,100,100.0,1
1749132665000000000,AAPL,XNAS,1,1,0.9956613779067993,100,100.0,1
1749132665000000000,AAPL,XNAS,1,-1,0.9978306889533997,100,200.0,1
1749132665000000000,AAPL,XNAS,2,1,0.9950204491615295,100,211.0,1
1749132665000000000,AAPL,XNAS,2,-1,0.9978799819946289,100,100.0,1
1749132666000000000,AAPL,XNAS,1,1,0.9957600235939026,100,100.0,1
1749132666000000000,AAPL,XNAS,1,-1,0.9978306889533997,100,200.0,1
1749132666000000000,AAPL,XNAS,2,1,0.9957106709480286,100,100.0,1
1749132666000000000,AAPL,XNAS,2,-1,0.9978799819946289,100,100.0,1
1749132668000000000,AAPL,XNAS,1,1,0.9957600235939026,100,100.0,1
1749132668000000000,AAPL,XNAS,1,-1,0.9977813959121704,100,100.0,1
1749132668000000000,AAPL,XNAS,2,1,0.9957106709480286,100,100.0,1
1749132668000000000,AAPL,XNAS,2,-1,0.9978306889533997,100,100.0,1
1749132669000000000,AAPL,XNAS,1,1,0.9957600235939026,100,100.0,1
1749132669000000000,AAPL,XNAS,1,-1,0.9977813959121704,100,200.0,1
1749132669000000000,AAPL,XNAS,2,1,0.9957106709480286,100,100.0,1
1749132669000000000,AAPL,XNAS,2,-1,0.9978306889533997,100,100.0,1
1749132673000000000,AAPL,XNAS,1,1,0.9958586096763611,100,100.0,1
1749132673000000000,AAPL,XNAS,1,-1,0.9977813959121704,100,200.0,1
1749132673000000000,AAPL,XNAS,2,1,0.9957600235939026,100,100.0,1
1749132673000000000,AAPL,XNAS,2,-1,0.9978306889533997,100,100.0,1
1749132674000000000,AAPL,XNAS,1,1,0.9957600235939026,100,100.0,1
1749132674000000000,AAPL,XNAS,1,-1,0.9977813959121704,100,200.0,1
1749132674000000000,AAPL,XNAS,2,1,0.9957106709480286,100,100.0,1
1749132674000000000,AAPL,XNAS,2,-1,0.9978306889533997,100,100.0,1
1749132677000000000,AAPL,XNAS,1,1,0.9957600235939026,100,100.0,1
1749132677000000000,AAPL,XNAS,1,-1,0.9977813959121704,100,200.0,1
1749132677000000000,AAPL,XNAS,2,1,0.9950204491615295,100,100.0,1
1749132677000000000,AAPL,XNAS,2,-1,0.9978306889533997,100,100.0,1
1749132679000000000,AAPL,XNAS,1,1,0.9968939423561096,100,300.0,2
1749132679000000000,AAPL,XNAS,1,-1,0.9985702037811279,100,16.0,1
1749132679000000000,AAPL,XNAS,2,1,0.9962037205696106,100,26.0,1
1749132679000000000,AAPL,XNAS,2,-1,0.9992111325263977,100,100.0,1
1749132680000000000,AAPL,XNAS,1,1,0.9978306889533997,100,1.0,1
1749132680000000000,AAPL,XNAS,1,-1,0.9992111325263977,100,100.0,1
1749132680000000000,AAPL,XNAS,2,1,0.9969432353973389,100,100.0,1
1749132680000000000,AAPL,XNAS,2,-1,1.000246524810791,100,25.0,1
1749132681000000000,AAPL,XNAS,1,1,0.9978306889533997,100,101.0,1
1749132681000000000,AAPL,XNAS,1,-1,0.9992111325263977,100,100.0,1
1749132681000000000,AAPL,XNAS,2,1,0.9969432353973389,100,100.0,1
1749132681000000000,AAPL,XNAS,2,-1,1.000246524810791,100,25.0,1
1749132683000000000,AAPL,XNAS,1,1,0.9978306889533997,100,1.0,1
1749132683000000000,AAPL,XNAS,1,-1,0.9992111325263977,100,100.0,1
1749132683000000000,AAPL,XNAS,2,1,0.9968939423561096,100,100.0,1
1749132683000000000,AAPL,XNAS,2,-1,1.000246524810791,100,25.0,1
1749132684000000000,AAPL,XNAS,1,1,0.9969432353973389,100,100.0,1
1749132684000000000,AAPL,XNAS,1,-1,0.9991125464439392,100,100.0,1
1749132684000000000,AAPL,XNAS,2,1,0.9968939423561096,100,100.0,1
1749132684000000000,AAPL,XNAS,2,-1,0.9991618394851685,100,100.0,1
1749132685000000000,AAPL,XNAS,1,1,0.9969925284385681,100,101.0,1
1749132685000000000,AAPL,XNAS,1,-1,0.9991618394851685,100,100.0,1
1749132685000000000,AAPL,XNAS,2,1,0.9969432353973389,100,100.0,1
1749132685000000000,AAPL,XNAS,2,-1,0.9992111325263977,100,200.0,1
1749132694000000000,AAPL,XNAS,1,1,0.9969925284385681,100,101.0,1
1749132694000000000,AAPL,XNAS,1,-1,0.9991618394851685,100,100.0,1
1749132694000000000,AAPL,XNAS,2,1,0.9969432353973389,100,200.0,1
1749132694000000000,AAPL,XNAS,2,-1,0.9992111325263977,100,200.0,1
1749132695000000000,AAPL,XNAS,1,1,0.9969925284385681,100,101.0,1
1749132695000000000,AAPL,XNAS,1,-1,0.9991618394851685,100,100.0,1
1749132695000000000,AAPL,XNAS,2,1,0.9969432353973389,100,100.0,1
1749132695000000000,AAPL,XNAS,2,-1,0.9992111325263977,100,200.0,1
1749132700000000000,AAPL,XNAS,1,1,0.9969925284385681,100,101.0,1
1749132700000000000,AAPL,XNAS,1,-1,0.9991618394851685,100,100.0,1
1749132700000000000,AAPL,XNAS,2,1,0.9969432353973389,100,100.0,1
1749132700000000000,AAPL,XNAS,2,-1,0.9992111325263977,100,200.0,1
1749132701000000000,AAPL,XNAS,1,1,0.9969925284385681,100,101.0,1
1749132701000000000,AAPL,XNAS,1,-1,0.9991618394851685,100,100.0,1
1749132701000000000,AAPL,XNAS,2,1,0.9969432353973389,100,100.0,1
1749132701000000000,AAPL,XNAS,2,-1,0.9992111325263977,100,200.0,1
1749132702000000000,AAPL,XNAS,1,1,0.9971404671669006,100,100.0,1
1749132702000000000,AAPL,XNAS,1,-1,0.9991618394851685,100,100.0,1
1749132702000000000,AAPL,XNAS,2,1,0.9970911741256714,100,100.0,1
1749132702000000000,AAPL,XNAS,2,-1,0.9992111325263977,100,200.0,1
1749132703000000000,AAPL,XNAS,1,1,0.9971404671669006,100,200.0,1
1749132703000000000,AAPL,XNAS,1,-1,0.9991618394851685,100,100.0,1
1749132703000000000,AAPL,XNAS,2,1,0.9970418810844421,100,100.0,1
1749132703000000000,AAPL,XNAS,2,-1,0.9992111325263977,100,200.0,1
1749132704000000000,AAPL,XNAS,1,1,0.9971897602081299,100,100.0,1
1749132704000000000,AAPL,XNAS,1,-1,0.9991618394851685,100,100.0,1
1749132704000000000,AAPL,XNAS,2,1,0.9971404671669006,100,100.0,1
1749132704000000000,AAPL,XNAS,2,-1,0.9992111325263977,100,200.0,1
1749132705000000000,AAPL,XNAS,1,1,0.9971897602081299,100,200.0,1
1749132705000000000,AAPL,XNAS,1,-1,0.9991618394851685,100,100.0,1
1749132705000000000,AAPL,XNAS,2,1,0.9971404671669006,100,100.0,1
1749132705000000000,AAPL,XNAS,2,-1,0.9992111325263977,100,200.0,1
1749132706000000000,AAPL,XNAS,1,1,0.9982250928878784,100,360.0,3
1749132706000000000,AAPL,XNAS,1,-1,1.0003451108932495,100,100.0,1
1749132706000000000,AAPL,XNAS,2,1,0.9975348711013794,100,26.0,1
1749132706000000000,AAPL,XNAS,2,-1,1.0003944635391235,100,22.0,1
1749132707000000000,AAPL,XNAS,1,1,0.9978306889533997,100,240.0,2
1749132707000000000,AAPL,XNAS,1,-1,1.0003451108932495,100,100.0,1
1749132707000000000,AAPL,XNAS,2,1,0.9971404671669006,100,100.0,1
1749132707000000000,AAPL,XNAS,2,-1,1.0003944635391235,100,22.0,1
1749132711000000000,AAPL,XNAS,1,1,0.9978306889533997,100,100.0,1
1749132711000000000,AAPL,XNAS,1,-1,1.0003451108932495,100,100.0,1
1749132711000000000,AAPL,XNAS,2,1,0.9973376989364624,100,100.0,1
1749132711000000000,AAPL,XNAS,2,-1,1.0003944635391235,100,22.0,1
1749132712000000000,AAPL,XNAS,1,1,0.9978799819946289,100,200.0,1
1749132712000000000,AAPL,XNAS,1,-1,1.0003451108932495,100,100.0,1
1749132712000000000,AAPL,XNAS,2,1,0.9971404671669006,100,100.0,1
1749132712000000000,AAPL,XNAS,2,-1,1.0003944635391235,100,22.0,1
1749132713000000000,AAPL,XNAS,1,1,0.9978799819946289,100,200.0,1
1749132713000000000,AAPL,XNAS,1,-1,1.0003451108932495,100,200.0,1
1749132713000000000,AAPL,XNAS,2,1,0.9971404671669006,100,100.0,1
1749132713000000000,AAPL,XNAS,2,-1,1.0003944635391235,100,22.0,1
1749132714000000000,AAPL,XNAS,1,1,0.9978799819946289,100,200.0,1
1749132714000000000,AAPL,XNAS,1,-1,1.0003451108932495,100,300.0,2
1749132714000000000,AAPL,XNAS,2,1,0.9971404671669006,100,100.0,1
1749132714000000000,AAPL,XNAS,2,-1,1.0003944635391235,100,22.0,1
1749132716000000000,AAPL,XNAS,1,1,0.9979292750358582,100,100.0,1
1749132716000000000,AAPL,XNAS,1,-1,1.0003451108932495,100,300.0,2
1749132716000000000,AAPL,XNAS,2,1,0.9978799819946289,100,100.0,1
1749132716000000000,AAPL,XNAS,2,-1,1.0003944635391235,100,22.0,1
1749132719000000000,AAPL,XNAS,1,1,0.9980279207229614,100,100.0,1
1749132719000000000,AAPL,XNAS,1,-1,1.0002957582473755,100,200.0,1
1749132719000000000,AAPL,XNAS,2,1,0.9975348711013794,100,26.0,1
1749132719000000000,AAPL,XNAS,2,-1,1.0003451108932495,100,200.0,1
1749132721000000000,AAPL,XNAS,1,1,0.9981265068054199,100,20.0,1
1749132721000000000,AAPL,XNAS,1,-1,1.0002957582473755,100,100.0,1
1749132721000000000,AAPL,XNAS,2,1,0.9980772137641907,100,100.0,1
1749132721000000000,AAPL,XNAS,2,-1,1.0003451108932495,100,100.0,1
1749132722000000000,AAPL,XNAS,1,1,0.9980772137641907,100,200.0,1
1749132722000000000,AAPL,XNAS,1,-1,1.000246524810791,100,100.0,1
1749132722000000000,AAPL,XNAS,2,1,0.9975348711013794,100,26.0,1
1749132722000000000,AAPL,XNAS,2,-1,1.0002957582473755,100,100.0,1
1749132723000000000,AAPL,XNAS,1,1,0.9981265068054199,100,120.0,1
1749132723000000000,AAPL,XNAS,1,-1,1.0002957582473755,100,100.0,1
1749132723000000000,AAPL,XNAS,2,1,0.9980772137641907,100,200.0,1
1749132723000000000,AAPL,XNAS,2,-1,1.0003451108932495,100,100.0,1
1749132725000000000,AAPL,XNAS,1,1,0.9981265068054199,100,200.0,1
1749132725000000000,AAPL,XNAS,1,-1,1.0002957582473755,100,100.0,1
1749132725000000000,AAPL,XNAS,2,1,0.9980772137641907,100,100.0,1
1749132725000000000,AAPL,XNAS,2,-1,1.0003451108932495,100,100.0,1
1749132729000000000,AAPL,XNAS,1,1,0.9982744455337524,100,100.0,1
1749132729000000000,AAPL,XNAS,1,-1,1.0002957582473755,100,100.0,1
1749132729000000000,AAPL,XNAS,2,1,0.9982250928878784,100,100.0,1
1749132729000000000,AAPL,XNAS,2,-1,1.0003451108932495,100,100.0,1
1749132730000000000,AAPL,XNAS,1,1,0.9982744455337524,100,200.0,1
1749132730000000000,AAPL,XNAS,1,-1,1.0003451108932495,100,90.0,1
1749132730000000000,AAPL,XNAS,2,1,0.9982250928878784,100,100.0,1
1749132730000000000,AAPL,XNAS,2,-1,1.0003944635391235,100,22.0,1
1749132731000000000,AAPL,XNAS,1,1,0.9983237385749817,100,100.0,1
1749132731000000000,AAPL,XNAS,1,-1,1.0003451108932495,100,90.0,1
1749132731000000000,AAPL,XNAS,2,1,0.9982744455337524,100,100.0,1
1749132731000000000,AAPL,XNAS,2,-1,1.0003944635391235,100,22.0,1
1749132732000000000,AAPL,XNAS,1,1,0.9994083642959595,100,100.0,1
1749132732000000000,AAPL,XNAS,1,-1,1.0028595924377441,100,349.0,2
1749132732000000000,AAPL,XNAS,2,1,0.9993590712547302,100,100.0,1
1749132732000000000,AAPL,XNAS,2,-1,1.0029088258743286,100,26.0,1
1749132733000000000,AAPL,XNAS,1,1,0.999506950378418,100,100.0,1
1749132733000000000,AAPL,XNAS,1,-1,1.0028595924377441,100,100.0,1
1749132733000000000,AAPL,XNAS,2,1,0.9994576573371887,100,100.0,1
1749132733000000000,AAPL,XNAS,2,-1,1.0029088258743286,100,26.0,1
1749132734000000000,AAPL,XNAS,1,1,0.999506950378418,100,100.0,1
1749132734000000000,AAPL,XNAS,1,-1,1.0028595924377441,100,100.0,1
1749132734000000000,AAPL,XNAS,2,1,0.9994576573371887,100,100.0,1
1749132734000000000,AAPL,XNAS,2,-1,1.0029088258743286,100,26.0,1
1749132735000000000,AAPL,XNAS,1,1,0.9994576573371887,100,100.0,1
1749132735000000000,AAPL,XNAS,1,-1,1.0028595924377441,100,100.0,1
1749132735000000000,AAPL,XNAS,2,1,0.9994083642959595,100,100.0,1
1749132735000000000,AAPL,XNAS,2,-1,1.0029088258743286,100,26.0,1
1749132736000000000,AAPL,XNAS,1,1,0.9994576573371887,100,100.0,1
1749132736000000000,AAPL,XNAS,1,-1,1.002366542816162,100,100.0,1
1749132736000000000,AAPL,XNAS,2,1,0.9994083642959595,100,100.0,1
1749132736000000000,AAPL,XNAS,2,-1,1.0024157762527466,100,100.0,1
1749132737000000000,AAPL,XNAS,1,1,0.9996055960655212,100,200.0,1
1749132737000000000,AAPL,XNAS,1,-1,1.0028595924377441,100,149.0,1
1749132737000000000,AAPL,XNAS,2,1,0.999556303024292,100,100.0,1
1749132737000000000,AAPL,XNAS,2,-1,1.0029088258743286,100,26.0,1
1749132738000000000,AAPL,XNAS,1,1,0.9996055960655212,100,100.0,1
1749132738000000000,AAPL,XNAS,1,-1,1.0028595924377441,100,149.0,1
1749132738000000000,AAPL,XNAS,2,1,0.999556303024292,100,100.0,1
1749132738000000000,AAPL,XNAS,2,-1,1.0029088258743286,100,26.0,1
1749132739000000000,AAPL,XNAS,1,1,0.9996548891067505,100,101.0,1
1749132739000000000,AAPL,XNAS,1,-1,1.0028595924377441,100,149.0,1
1749132739000000000,AAPL,XNAS,2,1,0.9993590712547302,100,100.0,1
1749132739000000000,AAPL,XNAS,2,-1,1.0029088258743286,100,26.0,1
1749132743000000000,AAPL,XNAS,1,1,0.9996548891067505,100,101.0,1
1749132743000000000,AAPL,XNAS,1,-1,1.0028595924377441,100,249.0,2
1749132743000000000,AAPL,XNAS,2,1,0.9993590712547302,100,100.0,1
1749132743000000000,AAPL,XNAS,2,-1,1.0029088258743286,100,26.0,1
1749132762000000000,AAPL,XNAS,1,1,0.9996548891067505,100,101.0,1
1749132762000000000,AAPL,XNAS,1,-1,1.002760887145996,100,100.0,1
1749132762000000000,AAPL,XNAS,2,1,0.9993590712547302,100,100.0,1
1749132762000000000,AAPL,XNAS,2,-1,1.0028102397918701,100,40.0,1
1749132763000000000,AAPL,XNAS,1,1,0.9996548891067505,100,201.0,1
1749132763000000000,AAPL,XNAS,1,-1,1.0028102397918701,100,40.0,1
1749132763000000000,AAPL,XNAS,2,1,0.9993590712547302,100,100.0,1
1749132763000000000,AAPL,XNAS,2,-1,1.0028595924377441,100,149.0,1
1749132764000000000,AAPL,XNAS,1,1,0.9996548891067505,100,101.0,1
1749132764000000000,AAPL,XNAS,1,-1,1.002760887145996,100,200.0,1
1749132764000000000,AAPL,XNAS,2,1,0.9993590712547302,100,100.0,1
1749132764000000000,AAPL,XNAS,2,-1,1.0028102397918701,100,40.0,1
1749132767000000000,AAPL,XNAS,1,1,0.9996548891067505,100,100.0,1
1749132767000000000,AAPL,XNAS,1,-1,1.0015283823013306,100,1.0,1
1749132767000000000,AAPL,XNAS,2,1,0.9988660216331482,100,126.0,1
1749132767000000000,AAPL,XNAS,2,-1,1.0027116537094116,100,149.0,1
1749132768000000000,AAPL,XNAS,1,1,0.9996548891067505,100,100.0,1
1749132768000000000,AAPL,XNAS,1,-1,1.0015283823013306,100,1.0,1
1749132768000000000,AAPL,XNAS,2,1,0.9988660216331482,100,126.0,1
1749132768000000000,AAPL,XNAS,2,-1,1.0026130676269531,100,28.0,1
1749132769000000000,AAPL,XNAS,1,1,0.9997041821479797,100,100.0,1
1749132769000000000,AAPL,XNAS,1,-1,1.0015283823013306,100,101.0,1
1749132769000000000,AAPL,XNAS,2,1,0.9996548891067505,100,200.0,1
1749132769000000000,AAPL,XNAS,2,-1,1.0026130676269531,100,28.0,1
1749132770000000000,AAPL,XNAS,1,1,0.9996548891067505,100,100.0,1
1749132770000000000,AAPL,XNAS,1,-1,1.0015283823013306,100,101.0,1
1749132770000000000,AAPL,XNAS,2,1,0.9988660216331482,100,126.0,1
1749132770000000000,AAPL,XNAS,2,-1,1.0026130676269531,100,28.0,1
1749132771000000000,AAPL,XNAS,1,1,0.9997041821479797,100,100.0,1
1749132771000000000,AAPL,XNAS,1,-1,1.0015283823013306,100,101.0,1
1749132771000000000,AAPL,XNAS,2,1,0.9988660216331482,100,126.0,1
1749132771000000000,AAPL,XNAS,2,-1,1.0026130676269531,100,28.0,1
1749132772000000000,AAPL,XNAS,1,1,0.9997041821479797,100,100.0,1
1749132772000000000,AAPL,XNAS,1,-1,1.0015283823013306,100,101.0,1
1749132772000000000,AAPL,XNAS,2,1,0.9988660216331482,100,26.0,1
1749132772000000000,AAPL,XNAS,2,-1,1.0026130676269531,100,28.0,1
1749132774000000000,AAPL,XNAS,1,1,0.9997041821479797,100,100.0,1
1749132774000000000,AAPL,XNAS,1,-1,1.0014790296554565,100,100.0,1
1749132774000000000,AAPL,XNAS,2,1,0.9989153742790222,100,100.0,1
1749132774000000000,AAPL,XNAS,2,-1,1.0015283823013306,100,101.0,1
1749132775000000000,AAPL,XNAS,1,1,0.9997041821479797,100,100.0,1
1749132775000000000,AAPL,XNAS,1,-1,1.0015283823013306,100,100.0,1
1749132775000000000,AAPL,XNAS,2,1,0.9989153742790222,100,100.0,1
1749132775000000000,AAPL,XNAS,2,-1,1.0026130676269531,100,28.0,1
1749132780000000000,AAPL,XNAS,1,1,0.9997041821479797,100,100.0,1
1749132780000000000,AAPL,XNAS,1,-1,1.0014790296554565,100,100.0,1
1749132780000000000,AAPL,XNAS,2,1,0.9988660216331482,100,26.0,1
1749132780000000000,AAPL,XNAS,2,-1,1.0015283823013306,100,100.0,1
1749132781000000000,AAPL,XNAS,1,1,0.9997041821479797,100,100.0,1
1749132781000000000,AAPL,XNAS,1,-1,1.0014790296554565,100,100.0,1
1749132781000000000,AAPL,XNAS,2,1,0.9988660216331482,100,26.0,1
1749132781000000000,AAPL,XNAS,2,-1,1.0026130676269531,100,28.0,1
1749132783000000000,AAPL,XNAS,1,1,0.9997041821479797,100,100.0,1
1749132783000000000,AAPL,XNAS,1,-1,1.0014790296554565,100,100.0,1
1749132783000000000,AAPL,XNAS,2,1,0.9988660216331482,100,26.0,1
1749132783000000000,AAPL,XNAS,2,-1,1.0026130676269531,100,28.0,1
1749132784000000000,AAPL,XNAS,1,1,0.9997041821479797,100,100.0,1
1749132784000000000,AAPL,XNAS,1,-1,1.001380443572998,100,100.0,1
1749132784000000000,AAPL,XNAS,2,1,0.9988660216331482,100,26.0,1
1749132784000000000,AAPL,XNAS,2,-1,1.001429796218872,100,100.0,1
1749132786000000000,AAPL,XNAS,1,1,0.9997041821479797,100,100.0,1
1749132786000000000,AAPL,XNAS,1,-1,1.001380443572998,100,100.0,1
1749132786000000000,AAPL,XNAS,2,1,0.9988660216331482,100,26.0,1
1749132786000000000,AAPL,XNAS,2,-1,1.0014790296554565,100,12.0,1
1749132795000000000,AAPL,XNAS,1,1,0.9997041821479797,100,100.0,1
1749132795000000000,AAPL,XNAS,1,-1,1.001380443572998,100,100.0,1
1749132795000000000,AAPL,XNAS,2,1,0.9992604851722717,100,100.0,1
1749132795000000000,AAPL,XNAS,2,-1,1.0014790296554565,100,12.0,1
1749132796000000000,AAPL,XNAS,1,1,0.9997041821479797,100,100.0,1
1749132796000000000,AAPL,XNAS,1,-1,1.001380443572998,100,100.0,1
1749132796000000000,AAPL,XNAS,2,1,0.9989153742790222,100,100.0,1
1749132796000000000,AAPL,XNAS,2,-1,1.0014790296554565,100,12.0,1
1749132797000000000,AAPL,XNAS,1,1,0.9997041821479797,100,200.0,1
1749132797000000000,AAPL,XNAS,1,-1,1.001380443572998,100,100.0,1
1749132797000000000,AAPL,XNAS,2,1,0.9989153742790222,100,100.0,1
1749132797000000000,AAPL,XNAS,2,-1,1.0014790296554565,100,12.0,1
1749132800000000000,AAPL,XNAS,1,1,0.9997041821479797,100,200.0,1
1749132800000000000,AAPL,XNAS,1,-1,1.0013312101364136,100,100.0,1
1749132800000000000,AAPL,XNAS,2,1,0.9988660216331482,100,26.0,1
1749132800000000000,AAPL,XNAS,2,-1,1.001380443572998,100,100.0,1
1749132801000000000,AAPL,XNAS,1,1,0.9997041821479797,100,100.0,1
1749132801000000000,AAPL,XNAS,1,-1,1.0012818574905396,100,100.0,1
1749132801000000000,AAPL,XNAS,2,1,0.9988660216331482,100,26.0,1
1749132801000000000,AAPL,XNAS,2,-1,1.0013312101364136,100,100.0,1
1749132804000000000,AAPL,XNAS,1,1,0.9970911741256714,100,100.0,1
1749132804000000000,AAPL,XNAS,1,-1,1.0010353326797485,100,100.0,1
1749132804000000000,AAPL,XNAS,2,1,0.9970418810844421,100,200.0,1
1749132804000000000,AAPL,XNAS,2,-1,1.0010846853256226,100,100.0,1
1749132805000000000,AAPL,XNAS,1,1,0.9981757998466492,100,149.0,1
1749132805000000000,AAPL,XNAS,1,-1,1.001133918762207,100,100.0,1
1749132805000000000,AAPL,XNAS,2,1,0.9981265068054199,100,49.0,1
1749132805000000000,AAPL,XNAS,2,-1,1.001183271408081,100,400.0,3
1749132806000000000,AAPL,XNAS,1,1,0.9981757998466492,100,149.0,1
1749132806000000000,AAPL,XNAS,1,-1,1.001133918762207,100,100.0,1
1749132806000000000,AAPL,XNAS,2,1,0.9981265068054199,100,49.0,1
1749132806000000000,AAPL,XNAS,2,-1,1.001183271408081,100,400.0,3
1749132809000000000,AAPL,XNAS,1,1,0.9984716176986694,100,100.0,1
1749132809000000000,AAPL,XNAS,1,-1,1.001133918762207,100,100.0,1
1749132809000000000,AAPL,XNAS,2,1,0.9984223246574402,100,49.0,1
1749132809000000000,AAPL,XNAS,2,-1,1.001183271408081,100,100.0,1
1749132810000000000,AAPL,XNAS,1,1,0.9985702037811279,100,100.0,1
1749132810000000000,AAPL,XNAS,1,-1,1.001133918762207,100,100.0,1
1749132810000000000,AAPL,XNAS,2,1,0.9985209107398987,100,49.0,1
1749132810000000000,AAPL,XNAS,2,-1,1.001183271408081,100,100.0,1
1749132824000000000,AAPL,XNAS,1,1,0.9989646673202515,100,100.0,1
1749132824000000000,AAPL,XNAS,1,-1,1.001133918762207,100,100.0,1
1749132824000000000,AAPL,XNAS,2,1,0.9989153742790222,100,49.0,1
1749132824000000000,AAPL,XNAS,2,-1,1.0014790296554565,100,12.0,1
1749132826000000000,AAPL,XNAS,1,1,0.9985702037811279,100,100.0,1
1749132826000000000,AAPL,XNAS,1,-1,1.0010846853256226,100,200.0,1
1749132826000000000,AAPL,XNAS,2,1,0.9978306889533997,100,200.0,1
1749132826000000000,AAPL,XNAS,2,-1,1.001133918762207,100,200.0,1
1749132828000000000,AAPL,XNAS,1,1,0.9985702037811279,100,100.0,1
1749132828000000000,AAPL,XNAS,1,-1,1.0010353326797485,100,100.0,1
1749132828000000000,AAPL,XNAS,2,1,0.9978306889533997,100,200.0,1
1749132828000000000,AAPL,XNAS,2,-1,1.0010846853256226,100,200.0,1
1749132829000000000,AAPL,XNAS,1,1,0.9985702037811279,100,100.0,1
1749132829000000000,AAPL,XNAS,1,-1,1.0010353326797485,100,100.0,1
1749132829000000000,AAPL,XNAS,2,1,0.9978306889533997,100,200.0,1
1749132829000000000,AAPL,XNAS,2,-1,1.0010846853256226,100,100.0,1
1749132830000000000,AAPL,XNAS,1,1,0.9985702037811279,100,100.0,1
1749132830000000000,AAPL,XNAS,1,-1,1.0010353326797485,100,100.0,1
1749132830000000000,AAPL,XNAS,2,1,0.9978306889533997,100,200.0,1
1749132830000000000,AAPL,XNAS,2,-1,1.001133918762207,100,100.0,1
1749132835000000000,AAPL,XNAS,1,1,0.9987181425094604,100,100.0,1
1749132835000000000,AAPL,XNAS,1,-1,1.0010353326797485,100,100.0,1
1749132835000000000,AAPL,XNAS,2,1,0.9978306889533997,100,200.0,1
1749132835000000000,AAPL,XNAS,2,-1,1.001133918762207,100,100.0,1
1749132843000000000,AAPL,XNAS,1,1,0.9962530136108398,100,200.0,1
1749132843000000000,AAPL,XNAS,1,-1,0.9998027682304382,100,100.0,1
1749132843000000000,AAPL,XNAS,2,1,0.9962037205696106,100,26.0,1
1749132843000000000,AAPL,XNAS,2,-1,0.9998521208763123,100,1.0,1
1749132844000000000,AAPL,XNAS,1,1,0.9962530136108398,100,300.0,2
1749132844000000000,AAPL,XNAS,1,-1,1.000887393951416,100,140.0,1
1749132844000000000,AAPL,XNAS,2,1,0.9962037205696106,100,26.0,1
1749132844000000000,AAPL,XNAS,2,-1,1.00093674659729,100,200.0,1
1749132845000000000,AAPL,XNAS,1,1,0.9962530136108398,100,300.0,2
1749132845000000000,AAPL,XNAS,1,-1,1.000887393951416,100,240.0,2
1749132845000000000,AAPL,XNAS,2,1,0.9962037205696106,100,26.0,1
1749132845000000000,AAPL,XNAS,2,-1,1.00093674659729,100,100.0,1
1749132847000000000,AAPL,XNAS,1,1,0.9972883462905884,100,100.0,1
1749132847000000000,AAPL,XNAS,1,-1,1.000887393951416,100,240.0,2
1749132847000000000,AAPL,XNAS,2,1,0.9962530136108398,100,300.0,2
1749132847000000000,AAPL,XNAS,2,-1,1.00093674659729,100,100.0,1
1749132848000000000,AAPL,XNAS,1,1,0.9972883462905884,100,100.0,1
1749132848000000000,AAPL,XNAS,1,-1,1.000887393951416,100,240.0,2
1749132848000000000,AAPL,XNAS,2,1,0.9962530136108398,100,200.0,1
1749132848000000000,AAPL,XNAS,2,-1,1.00093674659729,100,100.0,1
1749132849000000000,AAPL,XNAS,1,1,0.9973376989364624,100,100.0,1
1749132849000000000,AAPL,XNAS,1,-1,1.000887393951416,100,240.0,2
1749132849000000000,AAPL,XNAS,2,1,0.9972883462905884,100,100.0,1
1749132849000000000,AAPL,XNAS,2,-1,1.00093674659729,100,100.0,1
1749132853000000000,AAPL,XNAS,1,1,0.9978306889533997,100,49.0,1
1749132853000000000,AAPL,XNAS,1,-1,1.0007888078689575,100,100.0,1
1749132853000000000,AAPL,XNAS,2,1,0.9975348711013794,100,28.0,1
1749132853000000000,AAPL,XNAS,2,-1,1.0008381605148315,100,100.0,1
1749132856000000000,AAPL,XNAS,1,1,0.9978306889533997,100,49.0,1
1749132856000000000,AAPL,XNAS,1,-1,1.000739574432373,100,100.0,1
1749132856000000000,AAPL,XNAS,2,1,0.9975348711013794,100,28.0,1
1749132856000000000,AAPL,XNAS,2,-1,1.0007888078689575,100,200.0,1
1749132859000000000,AAPL,XNAS,1,1,0.9978306889533997,100,49.0,1
1749132859000000000,AAPL,XNAS,1,-1,1.000739574432373,100,200.0,1
1749132859000000000,AAPL,XNAS,2,1,0.9975348711013794,100,28.0,1
1749132859000000000,AAPL,XNAS,2,-1,1.0007888078689575,100,100.0,1
1749132869000000000,AAPL,XNAS,1,1,0.9978306889533997,100,49.0,1
1749132869000000000,AAPL,XNAS,1,-1,1.000690221786499,100,100.0,1
1749132869000000000,AAPL,XNAS,2,1,0.9975348711013794,100,28.0,1
1749132869000000000,AAPL,XNAS,2,-1,1.0007888078689575,100,100.0,1
1749132874000000000,AAPL,XNAS,1,1,0.9978306889533997,100,49.0,1
1749132874000000000,AAPL,XNAS,1,-1,1.0006409883499146,100,200.0,1
1749132874000000000,AAPL,XNAS,2,1,0.9975348711013794,100,28.0,1
1749132874000000000,AAPL,XNAS,2,-1,1.000690221786499,100,100.0,1
1749132882000000000,AAPL,XNAS,1,1,0.9978306889533997,100,49.0,1
1749132882000000000,AAPL,XNAS,1,-1,1.0006409883499146,100,207.0,1
1749132882000000000,AAPL,XNAS,2,1,0.9975348711013794,100,28.0,1
1749132882000000000,AAPL,XNAS,2,-1,1.000690221786499,100,100.0,1
1749132886000000000,AAPL,XNAS,1,1,0.9979786276817322,100,49.0,1
1749132886000000000,AAPL,XNAS,1,-1,1.0006409883499146,100,107.0,1
1749132886000000000,AAPL,XNAS,2,1,0.9979292750358582,100,49.0,1
1749132886000000000,AAPL,XNAS,2,-1,1.000690221786499,100,100.0,1
1749132887000000000,AAPL,XNAS,1,1,0.9975348711013794,100,28.0,1
1749132887000000000,AAPL,XNAS,1,-1,1.000493049621582,100,100.0,1
1749132887000000000,AAPL,XNAS,2,1,0.9973376989364624,100,100.0,1
1749132887000000000,AAPL,XNAS,2,-1,1.0005422830581665,100,200.0,1
1749132888000000000,AAPL,XNAS,1,1,0.9978306889533997,100,49.0,1
1749132888000000000,AAPL,XNAS,1,-1,1.0005422830581665,100,100.0,1
1749132888000000000,AAPL,XNAS,2,1,0.9975841641426086,100,5.0,1
1749132888000000000,AAPL,XNAS,2,-1,1.0005916357040405,100,300.0,2
1749132890000000000,AAPL,XNAS,1,1,0.9978306889533997,100,49.0,1
1749132890000000000,AAPL,XNAS,1,-1,1.0005422830581665,100,100.0,1
1749132890000000000,AAPL,XNAS,2,1,0.9975841641426086,100,5.0,1
1749132890000000000,AAPL,XNAS,2,-1,1.0006409883499146,100,7.0,1
1749132899000000000,AAPL,XNAS,1,1,0.9980772137641907,100,5.0,1
1749132899000000000,AAPL,XNAS,1,-1,1.0005422830581665,100,100.0,1
1749132899000000000,AAPL,XNAS,2,1,0.9975841641426086,100,100.0,1
1749132899000000000,AAPL,XNAS,2,-1,1.0006409883499146,100,7.0,1
1749132909000000000,AAPL,XNAS,1,1,0.9975841641426086,100,100.0,1
1749132909000000000,AAPL,XNAS,1,-1,1.0005422830581665,100,200.0,1
1749132909000000000,AAPL,XNAS,2,1,0.9975348711013794,100,28.0,1
1749132909000000000,AAPL,XNAS,2,-1,1.0006409883499146,100,7.0,1
1749132910000000000,AAPL,XNAS,1,1,0.9976828098297119,100,100.0,1
1749132910000000000,AAPL,XNAS,1,-1,1.000493049621582,100,100.0,1
1749132910000000000,AAPL,XNAS,2,1,0.9976334571838379,100,100.0,1
1749132910000000000,AAPL,XNAS,2,-1,1.0005422830581665,100,200.0,1
1749132911000000000,AAPL,XNAS,1,1,0.9976334571838379,100,100.0,1
1749132911000000000,AAPL,XNAS,1,-1,1.000443696975708,100,100.0,1
1749132911000000000,AAPL,XNAS,2,1,0.9975841641426086,100,100.0,1
1749132911000000000,AAPL,XNAS,2,-1,1.000493049621582,100,100.0,1
1749132914000000000,AAPL,XNAS,1,1,0.9980772137641907,100,49.0,1
1749132914000000000,AAPL,XNAS,1,-1,1.000443696975708,100,100.0,1
1749132914000000000,AAPL,XNAS,2,1,0.9976334571838379,100,100.0,1
1749132914000000000,AAPL,XNAS,2,-1,1.000493049621582,100,100.0,1
1749132919000000000,AAPL,XNAS,1,1,0.9980772137641907,100,54.0,1
1749132919000000000,AAPL,XNAS,1,-1,1.000443696975708,100,100.0,1
1749132919000000000,AAPL,XNAS,2,1,0.9976334571838379,100,100.0,1
1749132919000000000,AAPL,XNAS,2,-1,1.000493049621582,100,100.0,1
1749132924000000000,AAPL,XNAS,1,1,0.9981265068054199,100,100.0,1
1749132924000000000,AAPL,XNAS,1,-1,1.000443696975708,100,100.0,1
1749132924000000000,AAPL,XNAS,2,1,0.9980772137641907,100,49.0,1
1749132924000000000,AAPL,XNAS,2,-1,1.000493049621582,100,100.0,1
1749132929000000000,AAPL,XNAS,1,1,0.9981757998466492,100,100.0,1
1749132929000000000,AAPL,XNAS,1,-1,0.999309778213501,100,1.0,1
1749132929000000000,AAPL,XNAS,2,1,0.9976828098297119,100,100.0,1
1749132929000000000,AAPL,XNAS,2,-1,1.000443696975708,100,100.0,1
1749132930000000000,AAPL,XNAS,1,1,0.9982250928878784,100,100.0,1
1749132930000000000,AAPL,XNAS,1,-1,0.999309778213501,100,1.0,1
1749132930000000000,AAPL,XNAS,2,1,0.9981757998466492,100,200.0,1
1749132930000000000,AAPL,XNAS,2,-1,1.000443696975708,100,100.0,1
1749132931000000000,AAPL,XNAS,1,1,0.9981757998466492,100,200.0,1
1749132931000000000,AAPL,XNAS,1,-1,0.999309778213501,100,1.0,1
1749132931000000000,AAPL,XNAS,2,1,0.9976828098297119,100,100.0,1
1749132931000000000,AAPL,XNAS,2,-1,0.9993590712547302,100,1.0,1
1749132934000000000,AAPL,XNAS,1,1,0.9981757998466492,100,100.0,1
1749132934000000000,AAPL,XNAS,1,-1,0.999309778213501,100,1.0,1
1749132934000000000,AAPL,XNAS,2,1,0.9976828098297119,100,100.0,1
1749132934000000000,AAPL,XNAS,2,-1,0.9993590712547302,100,1.0,1
1749132936000000000,AAPL,XNAS,1,1,0.9976828098297119,100,100.0,1
1749132936000000000,AAPL,XNAS,1,-1,0.999309778213501,100,1.0,1
1749132936000000000,AAPL,XNAS,2,1,0.9976334571838379,100,100.0,1
1749132936000000000,AAPL,XNAS,2,-1,0.9993590712547302,100,1.0,1
1749132937000000000,AAPL,XNAS,1,1,0.9980772137641907,100,100.0,1
1749132937000000000,AAPL,XNAS,1,-1,0.999309778213501,100,1.0,1
1749132937000000000,AAPL,XNAS,2,1,0.9976828098297119,100,100.0,1
1749132937000000000,AAPL,XNAS,2,-1,0.9993590712547302,100,1.0,1
1749132938000000000,AAPL,XNAS,1,1,0.9976828098297119,100,100.0,1
1749132938000000000,AAPL,XNAS,1,-1,0.999309778213501,100,1.0,1
1749132938000000000,AAPL,XNAS,2,1,0.9976334571838379,100,100.0,1
1749132938000000000,AAPL,XNAS,2,-1,0.9993590712547302,100,1.0,1
1749132939000000000,AAPL,XNAS,1,1,0.9980772137641907,100,100.0,1
1749132939000000000,AAPL,XNAS,1,-1,0.999309778213501,100,1.0,1
1749132939000000000,AAPL,XNAS,2,1,0.9976828098297119,100,100.0,1
1749132939000000000,AAPL,XNAS,2,-1,0.9993590712547302,100,1.0,1
1749132941000000000,AAPL,XNAS,1,1,0.9976828098297119,100,100.0,1
1749132941000000000,AAPL,XNAS,1,-1,0.999309778213501,100,1.0,1
1749132941000000000,AAPL,XNAS,2,1,0.9976334571838379,100,100.0,1
1749132941000000000,AAPL,XNAS,2,-1,0.9993590712547302,100,1.0,1
1749132942000000000,AAPL,XNAS,1,1,0.9976828098297119,100,100.0,1
1749132942000000000,AAPL,XNAS,1,-1,0.9992604851722717,100,200.0,1
1749132942000000000,AAPL,XNAS,2,1,0.9976334571838379,100,100.0,1
1749132942000000000,AAPL,XNAS,2,-1,0.999309778213501,100,1.0,1
1749132943000000000,AAPL,XNAS,1,1,0.9970418810844421,100,100.0,1
1749132943000000000,AAPL,XNAS,1,-1,0.9984223246574402,100,2.0,1
1749132943000000000,AAPL,XNAS,2,1,0.9962037205696106,100,26.0,1
1749132943000000000,AAPL,XNAS,2,-1,0.9992604851722717,100,201.0,1
1749132944000000000,AAPL,XNAS,1,1,0.9970911741256714,100,100.0,1
1749132944000000000,AAPL,XNAS,1,-1,0.9984223246574402,100,2.0,1
1749132944000000000,AAPL,XNAS,2,1,0.9970418810844421,100,100.0,1
1749132944000000000,AAPL,XNAS,2,-1,0.9992111325263977,100,101.0,1
1749132947000000000,AAPL,XNAS,1,1,0.9970911741256714,100,100.0,1
1749132947000000000,AAPL,XNAS,1,-1,0.9984223246574402,100,2.0,1
1749132947000000000,AAPL,XNAS,2,1,0.9970418810844421,100,100.0,1
1749132947000000000,AAPL,XNAS,2,-1,0.9992111325263977,100,101.0,1
1749132949000000000,AAPL,XNAS,1,1,0.9970911741256714,100,100.0,1
1749132949000000000,AAPL,XNAS,1,-1,0.9984223246574402,100,2.0,1
1749132949000000000,AAPL,XNAS,2,1,0.9970418810844421,100,100.0,1
1749132949000000000,AAPL,XNAS,2,-1,0.9992111325263977,100,108.0,1
1749132955000000000,AAPL,XNAS,1,1,0.9954148530960083,100,100.0,1
1749132955000000000,AAPL,XNAS,1,-1,0.9983237385749817,100,100.0,1
1749132955000000000,AAPL,XNAS,2,1,0.995365560054779,100,100.0,1
1749132955000000000,AAPL,XNAS,2,-1,0.9983730316162109,100,100.0,1
1749132956000000000,AAPL,XNAS,1,1,0.9958093166351318,100,100.0,1
1749132956000000000,AAPL,XNAS,1,-1,0.9982250928878784,100,100.0,1
1749132956000000000,AAPL,XNAS,2,1,0.9957600235939026,100,49.0,1
1749132956000000000,AAPL,XNAS,2,-1,0.9982744455337524,100,21.0,1
1749132957000000000,AAPL,XNAS,1,1,0.9958093166351318,100,149.0,1
1749132957000000000,AAPL,XNAS,1,-1,0.9982744455337524,100,21.0,1
1749132957000000000,AAPL,XNAS,2,1,0.9957600235939026,100,49.0,1
1749132957000000000,AAPL,XNAS,2,-1,0.9983237385749817,100,107.0,1
1749132958000000000,AAPL,XNAS,1,1,0.9958093166351318,100,249.0,2
1749132958000000000,AAPL,XNAS,1,-1,0.9982744455337524,100,21.0,1
1749132958000000000,AAPL,XNAS,2,1,0.9957600235939026,100,49.0,1
1749132958000000000,AAPL,XNAS,2,-1,0.9983237385749817,100,107.0,1
1749132964000000000,AAPL,XNAS,1,1,0.9961544275283813,100,100.0,1
1749132964000000000,AAPL,XNAS,1,-1,0.9982744455337524,100,21.0,1
1749132964000000000,AAPL,XNAS,2,1,0.9961051344871521,100,49.0,1
1749132964000000000,AAPL,XNAS,2,-1,0.9983237385749817,100,107.0,1
1749132967000000000,AAPL,XNAS,1,1,0.9967460632324219,100,149.0,1
1749132967000000000,AAPL,XNAS,1,-1,0.9982744455337524,100,21.0,1
1749132967000000000,AAPL,XNAS,2,1,0.9966967701911926,100,20.0,1
1749132967000000000,AAPL,XNAS,2,-1,0.9983237385749817,100,107.0,1
1749132973000000000,AAPL,XNAS,1,1,0.9959079027175903,100,200.0,1
1749132973000000000,AAPL,XNAS,1,-1,0.9982744455337524,100,21.0,1
1749132973000000000,AAPL,XNAS,2,1,0.9958586096763611,100,100.0,1
1749132973000000000,AAPL,XNAS,2,-1,0.9983237385749817,100,107.0,1
1749132975000000000,AAPL,XNAS,1,1,0.9960064888000488,100,100.0,1
1749132975000000000,AAPL,XNAS,1,-1,0.9982744455337524,100,21.0,1
1749132975000000000,AAPL,XNAS,2,1,0.9959571957588196,100,100.0,1
1749132975000000000,AAPL,XNAS,2,-1,0.9983237385749817,100,107.0,1
1749132983000000000,AAPL,XNAS,1,1,0.9961051344871521,100,100.0,1
1749132983000000000,AAPL,XNAS,1,-1,0.9982744455337524,100,21.0,1
1749132983000000000,AAPL,XNAS,2,1,0.9960557818412781,100,100.0,1
1749132983000000000,AAPL,XNAS,2,-1,0.9983237385749817,100,107.0,1
1749132993000000000,AAPL,XNAS,1,1,0.9959571957588196,100,100.0,1
1749132993000000000,AAPL,XNAS,1,-1,0.9982744455337524,100,21.0,1
1749132993000000000,AAPL,XNAS,2,1,0.9959079027175903,100,100.0,1
1749132993000000000,AAPL,XNAS,2,-1,0.9983237385749817,100,107.0,1
1749132996000000000,AAPL,XNAS,1,1,0.9965981245040894,100,100.0,1
1749132996000000000,AAPL,XNAS,1,-1,0.9982744455337524,100,21.0,1
1749132996000000000,AAPL,XNAS,2,1,0.9965488314628601,100,49.0,1
1749132996000000000,AAPL,XNAS,2,-1,0.9983237385749817,100,107.0,1
1749132997000000000,AAPL,XNAS,1,1,0.9965981245040894,100,2.0,1
1749132997000000000,AAPL,XNAS,1,-1,0.9982744455337524,100,21.0,1
1749132997000000000,AAPL,XNAS,2,1,0.9965488314628601,100,49.0,1
1749132997000000000,AAPL,XNAS,2,-1,0.9983237385749817,100,107.0,1
1749132998000000000,AAPL,XNAS,1,1,0.9964995384216309,100,2.0,1
1749132998000000000,AAPL,XNAS,1,-1,0.9982744455337524,100,21.0,1
1749132998000000000,AAPL,XNAS,2,1,0.9960064888000488,100,100.0,1
1749132998000000000,AAPL,XNAS,2,-1,0.9983237385749817,100,107.0,1
1749132999000000000,AAPL,XNAS,1,1,0.9962037205696106,100,100.0,1
1749132999000000000,AAPL,XNAS,1,-1,0.9982744455337524,100,21.0,1
1749132999000000000,AAPL,XNAS,2,1,0.9961544275283813,100,49.0,1
1749132999000000000,AAPL,XNAS,2,-1,0.9983237385749817,100,107.0,1
1749133004000000000,AAPL,XNAS,1,1,0.9961544275283813,100,49.0,1
1749133004000000000,AAPL,XNAS,1,-1,0.9982744455337524,100,21.0,1
1749133004000000000,AAPL,XNAS,2,1,0.9961051344871521,100,49.0,1
1749133004000000000,AAPL,XNAS,2,-1,0.9983237385749817,100,107.0,1
1749133005000000000,AAPL,XNAS,1,1,0.9954642057418823,100,100.0,1
1749133005000000000,AAPL,XNAS,1,-1,0.9982250928878784,100,100.0,1
1749133005000000000,AAPL,XNAS,2,1,0.9954148530960083,100,100.0,1
1749133005000000000,AAPL,XNAS,2,-1,0.9982744455337524,100,21.0,1
1749133006000000000,AAPL,XNAS,1,1,0.9955134987831116,100,49.0,1
1749133006000000000,AAPL,XNAS,1,-1,0.9981757998466492,100,100.0,1
1749133006000000000,AAPL,XNAS,2,1,0.9954148530960083,100,100.0,1
1749133006000000000,AAPL,XNAS,2,-1,0.9982250928878784,100,100.0,1
1749133007000000000,AAPL,XNAS,1,1,0.9954642057418823,100,49.0,1
1749133007000000000,AAPL,XNAS,1,-1,0.9980772137641907,100,100.0,1
1749133007000000000,AAPL,XNAS,2,1,0.9954148530960083,100,100.0,1
1749133007000000000,AAPL,XNAS,2,-1,0.9981265068054199,100,100.0,1
1749133009000000000,AAPL,XNAS,1,1,0.9954642057418823,100,149.0,1
1749133009000000000,AAPL,XNAS,1,-1,0.9980772137641907,100,200.0,1
1749133009000000000,AAPL,XNAS,2,1,0.995365560054779,100,100.0,1
1749133009000000000,AAPL,XNAS,2,-1,0.9981265068054199,100,100.0,1
1749133011000000000,AAPL,XNAS,1,1,0.9955134987831116,100,149.0,1
1749133011000000000,AAPL,XNAS,1,-1,0.9980279207229614,100,100.0,1
1749133011000000000,AAPL,XNAS,2,1,0.9954642057418823,100,149.0,1
1749133011000000000,AAPL,XNAS,2,-1,0.9980772137641907,100,100.0,1
1749133012000000000,AAPL,XNAS,1,1,0.9955134987831116,100,249.0,2
1749133012000000000,AAPL,XNAS,1,-1,0.9979786276817322,100,100.0,1
1749133012000000000,AAPL,XNAS,2,1,0.9954642057418823,100,49.0,1
1749133012000000000,AAPL,XNAS,2,-1,0.9980279207229614,100,100.0,1
1749133022000000000,AAPL,XNAS,1,1,0.9955627918243408,100,100.0,1
1749133022000000000,AAPL,XNAS,1,-1,0.9979786276817322,100,100.0,1
1749133022000000000,AAPL,XNAS,2,1,0.9955134987831116,100,149.0,1
1749133022000000000,AAPL,XNAS,2,-1,0.9980279207229614,100,100.0,1
1749133023000000000,AAPL,XNAS,1,1,0.9955627918243408,100,100.0,1
1749133023000000000,AAPL,XNAS,1,-1,0.9979786276817322,100,100.0,1
1749133023000000000,AAPL,XNAS,2,1,0.9955134987831116,100,49.0,1
1749133023000000000,AAPL,XNAS,2,-1,0.9980279207229614,100,100.0,1
1749133025000000000,AAPL,XNAS,1,1,0.9956120848655701,100,100.0,1
1749133025000000000,AAPL,XNAS,1,-1,0.9979786276817322,100,100.0,1
1749133025000000000,AAPL,XNAS,2,1,0.9955627918243408,100,100.0,1
1749133025000000000,AAPL,XNAS,2,-1,0.9980279207229614,100,100.0,1
1749133026000000000,AAPL,XNAS,1,1,0.9956120848655701,100,100.0,1
1749133026000000000,AAPL,XNAS,1,-1,0.9979786276817322,100,100.0,1
1749133026000000000,AAPL,XNAS,2,1,0.995365560054779,100,100.0,1
1749133026000000000,AAPL,XNAS,2,-1,0.9980279207229614,100,100.0,1
1749133029000000000,AAPL,XNAS,1,1,0.9956613779067993,100,349.0,2
1749133029000000000,AAPL,XNAS,1,-1,0.9979786276817322,100,100.0,1
1749133029000000000,AAPL,XNAS,2,1,0.995365560054779,100,100.0,1
1749133029000000000,AAPL,XNAS,2,-1,0.9980279207229614,100,100.0,1
1749133037000000000,AAPL,XNAS,1,1,0.9956613779067993,100,349.0,2
1749133037000000000,AAPL,XNAS,1,-1,0.9979292750358582,100,1.0,1
1749133037000000000,AAPL,XNAS,2,1,0.995365560054779,100,100.0,1
1749133037000000000,AAPL,XNAS,2,-1,0.9979786276817322,100,100.0,1
1749133038000000000,AAPL,XNAS,1,1,0.9956613779067993,100,349.0,2
1749133038000000000,AAPL,XNAS,1,-1,0.9979786276817322,100,100.0,1
1749133038000000000,AAPL,XNAS,2,1,0.995365560054779,100,100.0,1
1749133038000000000,AAPL,XNAS,2,-1,0.9980279207229614,100,100.0,1
1749133039000000000,AAPL,XNAS,1,1,0.9956613779067993,100,249.0,2
1749133039000000000,AAPL,XNAS,1,-1,0.9979786276817322,100,100.0,1
1749133039000000000,AAPL,XNAS,2,1,0.995365560054779,100,100.0,1
1749133039000000000,AAPL,XNAS,2,-1,0.9980279207229614,100,100.0,1
1749133041000000000,AAPL,XNAS,1,1,0.9956613779067993,100,149.0,1
1749133041000000000,AAPL,XNAS,1,-1,0.9979786276817322,100,100.0,1
1749133041000000000,AAPL,XNAS,2,1,0.995365560054779,100,100.0,1
1749133041000000000,AAPL,XNAS,2,-1,0.9980279207229614,100,100.0,1
1749133067000000000,AAPL,XNAS,1,1,0.9956613779067993,100,100.0,1
1749133067000000000,AAPL,XNAS,1,-1,0.9979786276817322,100,100.0,1
1749133067000000000,AAPL,XNAS,2,1,0.995365560054779,100,100.0,1
1749133067000000000,AAPL,XNAS,2,-1,0.9980279207229614,100,100.0,1
1749133072000000000,AAPL,XNAS,1,1,0.9957600235939026,100,49.0,1
1749133072000000000,AAPL,XNAS,1,-1,0.9979786276817322,100,100.0,1
1749133072000000000,AAPL,XNAS,2,1,0.9957106709480286,100,149.0,1
1749133072000000000,AAPL,XNAS,2,-1,0.9980279207229614,100,100.0,1
1749133073000000000,AAPL,XNAS,1,1,0.9957600235939026,100,49.0,1
1749133073000000000,AAPL,XNAS,1,-1,0.9979292750358582,100,1.0,1
1749133073000000000,AAPL,XNAS,2,1,0.9957106709480286,100,149.0,1
1749133073000000000,AAPL,XNAS,2,-1,0.9979786276817322,100,100.0,1
1749133074000000000,AAPL,XNAS,1,1,0.9960557818412781,100,149.0,1
1749133074000000000,AAPL,XNAS,1,-1,0.9979786276817322,100,100.0,1
1749133074000000000,AAPL,XNAS,2,1,0.9960064888000488,100,49.0,1
1749133074000000000,AAPL,XNAS,2,-1,0.9980279207229614,100,100.0,1
1749133075000000000,AAPL,XNAS,1,1,0.9960557818412781,100,249.0,2
1749133075000000000,AAPL,XNAS,1,-1,0.9979786276817322,100,100.0,1
1749133075000000000,AAPL,XNAS,2,1,0.9960064888000488,100,49.0,1
1749133075000000000,AAPL,XNAS,2,-1,0.9980279207229614,100,100.0,1
1749133076000000000,AAPL,XNAS,1,1,0.9960557818412781,100,200.0,1
1749133076000000000,AAPL,XNAS,1,-1,0.9980279207229614,100,100.0,1
1749133076000000000,AAPL,XNAS,2,1,0.9956613779067993,100,100.0,1
1749133076000000000,AAPL,XNAS,2,-1,0.9982744455337524,100,28.0,1
1749133078000000000,AAPL,XNAS,1,1,0.9961544275283813,100,100.0,1
1749133078000000000,AAPL,XNAS,1,-1,0.9980279207229614,100,100.0,1
1749133078000000000,AAPL,XNAS,2,1,0.9961051344871521,100,100.0,1
1749133078000000000,AAPL,XNAS,2,-1,0.9982744455337524,100,28.0,1
1749133080000000000,AAPL,XNAS,1,1,0.9961544275283813,100,200.0,1
1749133080000000000,AAPL,XNAS,1,-1,0.9980279207229614,100,100.0,1
1749133080000000000,AAPL,XNAS,2,1,0.9961051344871521,100,100.0,1
1749133080000000000,AAPL,XNAS,2,-1,0.9982744455337524,100,28.0,1
1749133084000000000,AAPL,XNAS,1,1,0.9962530136108398,100,149.0,1
1749133084000000000,AAPL,XNAS,1,-1,0.9980279207229614,100,100.0,1
1749133084000000000,AAPL,XNAS,2,1,0.9962037205696106,100,49.0,1
1749133084000000000,AAPL,XNAS,2,-1,0.9982744455337524,100,28.0,1
1749133085000000000,AAPL,XNAS,1,1,0.9964009523391724,100,100.0,1
1749133085000000000,AAPL,XNAS,1,-1,0.9980279207229614,100,100.0,1
1749133085000000000,AAPL,XNAS,2,1,0.9963515996932983,100,100.0,1
1749133085000000000,AAPL,XNAS,2,-1,0.9982744455337524,100,28.0,1
1749133088000000000,AAPL,XNAS,1,1,0.9964502453804016,100,100.0,1
1749133088000000000,AAPL,XNAS,1,-1,0.9980279207229614,100,100.0,1
1749133088000000000,AAPL,XNAS,2,1,0.9964009523391724,100,100.0,1
1749133088000000000,AAPL,XNAS,2,-1,0.9982744455337524,100,28.0,1
1749133090000000000,AAPL,XNAS,1,1,0.9964502453804016,100,200.0,1
1749133090000000000,AAPL,XNAS,1,-1,0.9980279207229614,100,100.0,1
1749133090000000000,AAPL,XNAS,2,1,0.9964009523391724,100,100.0,1
1749133090000000000,AAPL,XNAS,2,-1,0.9982744455337524,100,28.0,1
1749133091000000000,AAPL,XNAS,1,1,0.9964502453804016,100,300.0,2
1749133091000000000,AAPL,XNAS,1,-1,0.9982744455337524,100,28.0,1
1749133091000000000,AAPL,XNAS,2,1,0.9960064888000488,100,26.0,1
1749133091000000000,AAPL,XNAS,2,-1,0.9983237385749817,100,7.0,1
1749133103000000000,AAPL,XNAS,1,1,0.9972390532493591,100,100.0,1
1749133103000000000,AAPL,XNAS,1,-1,0.9983237385749817,100,7.0,1
1749133103000000000,AAPL,XNAS,2,1,0.9971897602081299,100,49.0,1
1749133103000000000,AAPL,XNAS,2,-1,0.9984716176986694,100,100.0,1
1749133104000000000,AAPL,XNAS,1,1,0.9972390532493591,100,1.0,1
1749133104000000000,AAPL,XNAS,1,-1,0.9983237385749817,100,7.0,1
1749133104000000000,AAPL,XNAS,2,1,0.9971897602081299,100,49.0,1
1749133104000000000,AAPL,XNAS,2,-1,0.9984716176986694,100,100.0,1
1749133105000000000,AAPL,XNAS,1,1,0.9971404671669006,100,200.0,1
1749133105000000000,AAPL,XNAS,1,-1,0.9983237385749817,100,7.0,1
1749133105000000000,AAPL,XNAS,2,1,0.9970911741256714,100,1.0,1
1749133105000000000,AAPL,XNAS,2,-1,0.9984716176986694,100,100.0,1
1749133106000000000,AAPL,XNAS,1,1,0.9971897602081299,100,49.0,1
1749133106000000000,AAPL,XNAS,1,-1,0.9983237385749817,100,7.0,1
1749133106000000000,AAPL,XNAS,2,1,0.9971404671669006,100,149.0,1
1749133106000000000,AAPL,XNAS,2,-1,0.9984716176986694,100,100.0,1
1749133107000000000,AAPL,XNAS,1,1,0.9971897602081299,100,49.0,1
1749133107000000000,AAPL,XNAS,1,-1,0.9983237385749817,100,7.0,1
1749133107000000000,AAPL,XNAS,2,1,0.9971404671669006,100,249.0,2
1749133107000000000,AAPL,XNAS,2,-1,0.9984716176986694,100,100.0,1
1749133127000000000,AAPL,XNAS,1,1,0.9971404671669006,100,200.0,1
1749133127000000000,AAPL,XNAS,1,-1,0.9983237385749817,100,7.0,1
1749133127000000000,AAPL,XNAS,2,1,0.9964009523391724,100,100.0,1
1749133127000000000,AAPL,XNAS,2,-1,0.9984223246574402,100,100.0,1
1749133137000000000,AAPL,XNAS,1,1,0.9971404671669006,100,200.0,1
1749133137000000000,AAPL,XNAS,1,-1,0.9983237385749817,100,7.0,1
1749133137000000000,AAPL,XNAS,2,1,0.9964009523391724,100,100.0,1
1749133137000000000,AAPL,XNAS,2,-1,0.9984223246574402,100,200.0,1
1749133166000000000,AAPL,XNAS,1,1,0.9971404671669006,100,100.0,1
1749133166000000000,AAPL,XNAS,1,-1,0.9983237385749817,100,7.0,1
1749133166000000000,AAPL,XNAS,2,1,0.9964009523391724,100,100.0,1
1749133166000000000,AAPL,XNAS,2,-1,0.9984223246574402,100,200.0,1
1749133170000000000,AAPL,XNAS,1,1,0.9964009523391724,100,200.0,1
1749133170000000000,AAPL,XNAS,1,-1,0.9976828098297119,100,300.0,2
1749133170000000000,AAPL,XNAS,2,1,0.9956613779067993,100,100.0,1
1749133170000000000,AAPL,XNAS,2,-1,0.9982744455337524,100,200.0,1
1749133171000000000,AAPL,XNAS,1,1,0.9964009523391724,100,200.0,1
1749133171000000000,AAPL,XNAS,1,-1,0.9976828098297119,100,311.0,2
1749133171000000000,AAPL,XNAS,2,1,0.9956613779067993,100,100.0,1
1749133171000000000,AAPL,XNAS,2,-1,0.9982744455337524,100,200.0,1
1749133173000000000,AAPL,XNAS,1,1,0.9964502453804016,100,100.0,1
1749133173000000000,AAPL,XNAS,1,-1,0.9976828098297119,100,311.0,2
1749133173000000000,AAPL,XNAS,2,1,0.9964009523391724,100,200.0,1
1749133173000000000,AAPL,XNAS,2,-1,0.9983237385749817,100,7.0,1
1749133174000000000,AAPL,XNAS,1,1,0.9964009523391724,100,100.0,1
1749133174000000000,AAPL,XNAS,1,-1,0.9976828098297119,100,311.0,2
1749133174000000000,AAPL,XNAS,2,1,0.9957106709480286,100,100.0,1
1749133174000000000,AAPL,XNAS,2,-1,0.9983237385749817,100,7.0,1
1749133177000000000,AAPL,XNAS,1,1,0.9957600235939026,100,100.0,1
1749133177000000000,AAPL,XNAS,1,-1,0.9976828098297119,100,311.0,2
1749133177000000000,AAPL,XNAS,2,1,0.9957106709480286,100,100.0,1
1749133177000000000,AAPL,XNAS,2,-1,0.9983237385749817,100,7.0,1
1749133182000000000,AAPL,XNAS,1,1,0.9963515996932983,100,2.0,1
1749133182000000000,AAPL,XNAS,1,-1,0.9976828098297119,100,211.0,1
1749133182000000000,AAPL,XNAS,2,1,0.9959079027175903,100,125.0,1
1749133182000000000,AAPL,XNAS,2,-1,0.9983237385749817,100,7.0,1
1749133183000000000,AAPL,XNAS,1,1,0.9963515996932983,100,2.0,1
1749133183000000000,AAPL,XNAS,1,-1,0.9976828098297119,100,100.0,1
1749133183000000000,AAPL,XNAS,2,1,0.9959079027175903,100,25.0,1
1749133183000000000,AAPL,XNAS,2,-1,0.9983237385749817,100,7.0,1
1749133184000000000,AAPL,XNAS,1,1,0.9964009523391724,100,100.0,1
1749133184000000000,AAPL,XNAS,1,-1,0.9976828098297119,100,100.0,1
1749133184000000000,AAPL,XNAS,2,1,0.9963515996932983,100,100.0,1
1749133184000000000,AAPL,XNAS,2,-1,0.9983237385749817,100,7.0,1
1749133185000000000,AAPL,XNAS,1,1,0.9965488314628601,100,100.0,1
1749133185000000000,AAPL,XNAS,1,-1,0.9983237385749817,100,7.0,1
1749133185000000000,AAPL,XNAS,2,1,0.9964995384216309,100,67.0,1
1749133185000000000,AAPL,XNAS,2,-1,0.9984716176986694,100,108.0,1
1749133186000000000,AAPL,XNAS,1,1,0.9965488314628601,100,200.0,1
1749133186000000000,AAPL,XNAS,1,-1,0.9983237385749817,100,7.0,1
1749133186000000000,AAPL,XNAS,2,1,0.9964995384216309,100,67.0,1
1749133186000000000,AAPL,XNAS,2,-1,0.9984716176986694,100,108.0,1
1749133189000000000,AAPL,XNAS,1,1,0.9965488314628601,100,200.0,1
1749133189000000000,AAPL,XNAS,1,-1,0.9983237385749817,100,7.0,1
1749133189000000000,AAPL,XNAS,2,1,0.9964995384216309,100,67.0,1
1749133189000000000,AAPL,XNAS,2,-1,0.9984716176986694,100,208.0,1
1749133190000000000,AAPL,XNAS,1,1,0.9965488314628601,100,300.0,2
1749133190000000000,AAPL,XNAS,1,-1,0.9983237385749817,100,7.0,1
1749133190000000000,AAPL,XNAS,2,1,0.9964995384216309,100,67.0,1
1749133190000000000,AAPL,XNAS,2,-1,0.9984716176986694,100,208.0,1
1749133197000000000,AAPL,XNAS,1,1,0.9969925284385681,100,100.0,1
1749133197000000000,AAPL,XNAS,1,-1,0.9984716176986694,100,133.0,1
1749133197000000000,AAPL,XNAS,2,1,0.9969432353973389,100,100.0,1
1749133197000000000,AAPL,XNAS,2,-1,1.000246524810791,100,27.0,1
1749133198000000000,AAPL,XNAS,1,1,0.9969925284385681,100,100.0,1
1749133198000000000,AAPL,XNAS,1,-1,0.9984716176986694,100,233.0,1
1749133198000000000,AAPL,XNAS,2,1,0.9969432353973389,100,100.0,1
1749133198000000000,AAPL,XNAS,2,-1,1.000246524810791,100,27.0,1
1749133200000000000,AAPL,XNAS,1,1,1.0001429319381714,100,4.0,1
1749133200000000000,AAPL,XNAS,1,-1,1.000809669494629,100,90.0,1
1749133200000000000,AAPL,XNAS,2,1,1.000095248222351,100,102.0,1
1749133200000000000,AAPL,XNAS,2,-1,1.0008573532104492,100,100.0,1
1749133203000000000,AAPL,XNAS,1,1,1.0001904964447021,100,90.0,1
1749133203000000000,AAPL,XNAS,1,-1,1.0010002851486206,100,90.0,1
1749133203000000000,AAPL,XNAS,2,1,1.0001429319381714,100,4.0,1
1749133203000000000,AAPL,XNAS,2,-1,1.0010478496551514,100,103.0,1
1749133212000000000,AAPL,XNAS,1,1,1.0002857446670532,100,90.0,1
1749133212000000000,AAPL,XNAS,1,-1,1.0010478496551514,100,203.0,1
1749133212000000000,AAPL,XNAS,2,1,1.0001429319381714,100,4.0,1
1749133212000000000,AAPL,XNAS,2,-1,1.0015242099761963,100,24.0,1
1749133215000000000,AAPL,XNAS,1,1,1.0003809928894043,100,90.0,1
1749133215000000000,AAPL,XNAS,1,-1,1.0010478496551514,100,203.0,1
1749133215000000000,AAPL,XNAS,2,1,1.0001429319381714,100,4.0,1
1749133215000000000,AAPL,XNAS,2,-1,1.0015242099761963,100,24.0,1
1749133219000000000,AAPL,XNAS,1,1,1.0001904964447021,100,100.0,1
1749133219000000000,AAPL,XNAS,1,-1,1.0010478496551514,100,203.0,1
1749133219000000000,AAPL,XNAS,2,1,1.0001429319381714,100,4.0,1
1749133219000000000,AAPL,XNAS,2,-1,1.0015242099761963,100,24.0,1
1749133221000000000,AAPL,XNAS,1,1,1.0001904964447021,100,104.0,1
1749133221000000000,AAPL,XNAS,1,-1,1.0010002851486206,100,116.0,1
1749133221000000000,AAPL,XNAS,2,1,1.000095248222351,100,126.0,1
1749133221000000000,AAPL,XNAS,2,-1,1.0010478496551514,100,200.0,1
1749133223000000000,AAPL,XNAS,1,1,1.0001904964447021,100,204.0,1
1749133223000000000,AAPL,XNAS,1,-1,1.0010002851486206,100,116.0,1
1749133223000000000,AAPL,XNAS,2,1,1.000095248222351,100,26.0,1
1749133223000000000,AAPL,XNAS,2,-1,1.0010478496551514,100,200.0,1
1749133226000000000,AAPL,XNAS,1,1,1.0001904964447021,100,204.0,1
1749133226000000000,AAPL,XNAS,1,-1,1.0010002851486206,100,116.0,1
1749133226000000000,AAPL,XNAS,2,1,1.000095248222351,100,26.0,1
1749133226000000000,AAPL,XNAS,2,-1,1.0010478496551514,100,220.0,1
1749133227000000000,AAPL,XNAS,1,1,1.0001904964447021,100,206.0,1
1749133227000000000,AAPL,XNAS,1,-1,1.0010002851486206,100,116.0,1
1749133227000000000,AAPL,XNAS,2,1,1.000095248222351,100,24.0,1
1749133227000000000,AAPL,XNAS,2,-1,1.0010478496551514,100,220.0,1
1749133230000000000,AAPL,XNAS,1,1,1.0001904964447021,100,106.0,1
1749133230000000000,AAPL,XNAS,1,-1,1.0010002851486206,100,116.0,1
1749133230000000000,AAPL,XNAS,2,1,1.000095248222351,100,24.0,1
1749133230000000000,AAPL,XNAS,2,-1,1.0010478496551514,100,220.0,1
1749133234000000000,AAPL,XNAS,1,1,1.0001904964447021,100,206.0,1
1749133234000000000,AAPL,XNAS,1,-1,1.0010002851486206,100,116.0,1
1749133234000000000,AAPL,XNAS,2,1,1.000095248222351,100,24.0,1
1749133234000000000,AAPL,XNAS,2,-1,1.0010478496551514,100,220.0,1
1749133247000000000,AAPL,XNAS,1,1,1.000476360321045,100,90.0,1
1749133247000000000,AAPL,XNAS,1,-1,1.0010478496551514,100,223.0,1
1749133247000000000,AAPL,XNAS,2,1,1.0001904964447021,100,206.0,1
1749133247000000000,AAPL,XNAS,2,-1,1.0015242099761963,100,24.0,1
1749133248000000000,AAPL,XNAS,1,1,1.0002857446670532,100,100.0,1
1749133248000000000,AAPL,XNAS,1,-1,1.0010478496551514,100,203.0,1
1749133248000000000,AAPL,XNAS,2,1,1.0002381801605225,100,100.0,1
1749133248000000000,AAPL,XNAS,2,-1,1.0010955333709717,100,20.0,1
1749133250000000000,AAPL,XNAS,1,1,1.0002381801605225,100,100.0,1
1749133250000000000,AAPL,XNAS,1,-1,1.0010478496551514,100,203.0,1
1749133250000000000,AAPL,XNAS,2,1,1.0001904964447021,100,206.0,1
1749133250000000000,AAPL,XNAS,2,-1,1.0010955333709717,100,20.0,1
1749133251000000000,AAPL,XNAS,1,1,1.0002381801605225,100,100.0,1
1749133251000000000,AAPL,XNAS,1,-1,1.0010478496551514,100,203.0,1
1749133251000000000,AAPL,XNAS,2,1,1.0001904964447021,100,106.0,1
1749133251000000000,AAPL,XNAS,2,-1,1.0010955333709717,100,20.0,1
1749133258000000000,AAPL,XNAS,1,1,1.0006191730499268,100,1.0,1
1749133258000000000,AAPL,XNAS,1,-1,1.0010478496551514,100,203.0,1
1749133258000000000,AAPL,XNAS,2,1,1.0002381801605225,100,100.0,1
1749133258000000000,AAPL,XNAS,2,-1,1.0010955333709717,100,20.0,1
1749133262000000000,AAPL,XNAS,1,1,1.0006191730499268,100,1.0,1
1749133262000000000,AAPL,XNAS,1,-1,1.0010478496551514,100,203.0,1
1749133262000000000,AAPL,XNAS,2,1,1.0002381801605225,100,102.0,1
1749133262000000000,AAPL,XNAS,2,-1,1.0010955333709717,100,20.0,1
1749133272000000000,AAPL,XNAS,1,1,1.000666856765747,100,200.0,1
1749133272000000000,AAPL,XNAS,1,-1,1.0010478496551514,100,203.0,1
1749133272000000000,AAPL,XNAS,2,1,1.0006191730499268,100,1.0,1
1749133272000000000,AAPL,XNAS,2,-1,1.0010955333709717,100,20.0,1
1749133273000000000,AAPL,XNAS,1,1,1.0011430978775024,100,1.0,1
1749133273000000000,AAPL,XNAS,1,-1,1.001571774482727,100,23.0,1
1749133273000000000,AAPL,XNAS,2,1,1.000809669494629,100,100.0,1
1749133273000000000,AAPL,XNAS,2,-1,1.0022386312484741,100,26.0,1
1749133276000000000,AAPL,XNAS,1,1,1.0002857446670532,100,100.0,1
1749133276000000000,AAPL,XNAS,1,-1,1.0013335943222046,100,90.0,1
1749133276000000000,AAPL,XNAS,2,1,1.0002381801605225,100,102.0,1
1749133276000000000,AAPL,XNAS,2,-1,1.001381278038025,100,23.0,1
1749133277000000000,AAPL,XNAS,1,1,1.0002857446670532,100,100.0,1
1749133277000000000,AAPL,XNAS,1,-1,1.0013335943222046,100,90.0,1
1749133277000000000,AAPL,XNAS,2,1,1.0002381801605225,100,102.0,1
1749133277000000000,AAPL,XNAS,2,-1,1.001381278038025,100,101.0,1
1749133281000000000,AAPL,XNAS,1,1,1.0002857446670532,100,290.0,2
1749133281000000000,AAPL,XNAS,1,-1,1.0013335943222046,100,90.0,1
1749133281000000000,AAPL,XNAS,2,1,1.0002381801605225,100,102.0,1
1749133281000000000,AAPL,XNAS,2,-1,1.001381278038025,100,78.0,1
1749133285000000000,AAPL,XNAS,1,1,1.0002857446670532,100,390.0,3
1749133285000000000,AAPL,XNAS,1,-1,1.0013335943222046,100,90.0,1
1749133285000000000,AAPL,XNAS,2,1,1.0002381801605225,100,2.0,1
1749133285000000000,AAPL,XNAS,2,-1,1.001381278038025,100,78.0,1
1749133288000000000,AAPL,XNAS,1,1,1.0002857446670532,100,290.0,2
1749133288000000000,AAPL,XNAS,1,-1,1.0012383460998535,100,90.0,1
1749133288000000000,AAPL,XNAS,2,1,1.0002381801605225,100,2.0,1
1749133288000000000,AAPL,XNAS,2,-1,1.0012860298156738,100,101.0,1
1749133289000000000,AAPL,XNAS,1,1,1.0002857446670532,100,190.0,1
1749133289000000000,AAPL,XNAS,1,-1,1.0012383460998535,100,90.0,1
1749133289000000000,AAPL,XNAS,2,1,1.0002381801605225,100,2.0,1
1749133289000000000,AAPL,XNAS,2,-1,1.0012860298156738,100,101.0,1
1749133297000000000,AAPL,XNAS,1,1,1.0002857446670532,100,192.0,1
1749133297000000000,AAPL,XNAS,1,-1,1.0012383460998535,100,90.0,1
1749133297000000000,AAPL,XNAS,2,1,1.0001904964447021,100,195.0,1
1749133297000000000,AAPL,XNAS,2,-1,1.0012860298156738,100,101.0,1
1749133301000000000,AAPL,XNAS,1,1,1.0005239248275757,100,90.0,1
1749133301000000000,AAPL,XNAS,1,-1,1.0012383460998535,100,90.0,1
1749133301000000000,AAPL,XNAS,2,1,1.000476360321045,100,1.0,1
1749133301000000000,AAPL,XNAS,2,-1,1.001476526260376,100,24.0,1
