ts_ns,symbol,venue,level,side,price,price_ticks,size,num_orders
1749477600000000000,AAPL,XNAS,1,1,1.0023057460784912,100,8.0,1
1749477600000000000,AAPL,XNAS,1,-1,1.0029999017715454,100,400.0,3
1749477600000000000,AAPL,XNAS,2,1,1.002206563949585,100,202.0,1
1749477600000000000,AAPL,XNAS,2,-1,1.0035948753356934,100,20.0,1
1749477601000000000,AAPL,XNAS,1,1,1.00180983543396,100,90.0,1
1749477601000000000,AAPL,XNAS,1,-1,1.002851128578186,100,174.0,1
1749477601000000000,AAPL,XNAS,2,1,1.0015618801116943,100,11.0,1
1749477601000000000,AAPL,XNAS,2,-1,1.0029503107070923,100,24.0,1
1749477602000000000,AAPL,XNAS,1,1,1.0015618801116943,100,11.0,1
1749477602000000000,AAPL,XNAS,1,-1,1.002851128578186,100,174.0,1
1749477602000000000,AAPL,XNAS,2,1,1.0015122890472412,100,1.0,1
1749477602000000000,AAPL,XNAS,2,-1,1.0029999017715454,100,326.0,2
1749477603000000000,AAPL,XNAS,1,1,1.00180983543396,100,90.0,1
1749477603000000000,AAPL,XNAS,1,-1,1.002851128578186,100,279.0,2
1749477603000000000,AAPL,XNAS,2,1,1.0015618801116943,100,11.0,1
1749477603000000000,AAPL,XNAS,2,-1,1.0029999017715454,100,200.0,1
1749477604000000000,AAPL,XNAS,1,1,1.00180983543396,100,90.0,1
1749477604000000000,AAPL,XNAS,1,-1,1.002851128578186,100,279.0,2
1749477604000000000,AAPL,XNAS,2,1,1.0015618801116943,100,11.0,1
1749477604000000000,AAPL,XNAS,2,-1,1.0029999017715454,100,326.0,2
1749477606000000000,AAPL,XNAS,1,1,1.00180983543396,100,90.0,1
1749477606000000000,AAPL,XNAS,1,-1,1.002851128578186,100,379.0,3
1749477606000000000,AAPL,XNAS,2,1,1.0015618801116943,100,11.0,1
1749477606000000000,AAPL,XNAS,2,-1,1.0029999017715454,100,126.0,1
1749477613000000000,AAPL,XNAS,1,1,1.00180983543396,100,90.0,1
1749477613000000000,AAPL,XNAS,1,-1,1.002851128578186,100,479.0,3
1749477613000000000,AAPL,XNAS,2,1,1.0015618801116943,100,11.0,1
1749477613000000000,AAPL,XNAS,2,-1,1.0029999017715454,100,126.0,1
1749477614000000000,AAPL,XNAS,1,1,1.00180983543396,100,90.0,1
1749477614000000000,AAPL,XNAS,1,-1,1.002851128578186,100,479.0,3
1749477614000000000,AAPL,XNAS,2,1,1.0015618801116943,100,11.0,1
1749477614000000000,AAPL,XNAS,2,-1,1.0029999017715454,100,226.0,1
1749477615000000000,AAPL,XNAS,1,1,1.00180983543396,100,90.0,1
1749477615000000000,AAPL,XNAS,1,-1,1.002851128578186,100,479.0,3
1749477615000000000,AAPL,XNAS,2,1,1.0015618801116943,100,11.0,1
1749477615000000000,AAPL,XNAS,2,-1,1.0029999017715454,100,100.0,1
1749477623000000000,AAPL,XNAS,1,1,1.00180983543396,100,90.0,1
1749477623000000000,AAPL,XNAS,1,-1,1.002851128578186,100,479.0,3
1749477623000000000,AAPL,XNAS,2,1,1.0015618801116943,100,11.0,1
1749477623000000000,AAPL,XNAS,2,-1,1.0029999017715454,100,227.0,1
1749477625000000000,AAPL,XNAS,1,1,1.00180983543396,100,94.0,1
1749477625000000000,AAPL,XNAS,1,-1,1.002851128578186,100,379.0,3
1749477625000000000,AAPL,XNAS,2,1,1.0015618801116943,100,1.0,1
1749477625000000000,AAPL,XNAS,2,-1,1.0029999017715454,100,100.0,1
1749477628000000000,AAPL,XNAS,1,1,1.00180983543396,100,94.0,1
1749477628000000000,AAPL,XNAS,1,-1,1.002851128578186,100,479.0,3
1749477628000000000,AAPL,XNAS,2,1,1.0016114711761475,100,50.0,1
1749477628000000000,AAPL,XNAS,2,-1,1.003495693206787,100,100.0,1
1749477629000000000,AAPL,XNAS,1,1,1.00180983543396,100,94.0,1
1749477629000000000,AAPL,XNAS,1,-1,1.002851128578186,100,479.0,3
1749477629000000000,AAPL,XNAS,2,1,1.0016114711761475,100,50.0,1
1749477629000000000,AAPL,XNAS,2,-1,1.0029999017715454,100,127.0,1
1749477631000000000,AAPL,XNAS,1,1,1.0015618801116943,100,1.0,1
1749477631000000000,AAPL,XNAS,1,-1,1.0023057460784912,100,305.0,2
1749477631000000000,AAPL,XNAS,2,1,1.0015122890472412,100,1.0,1
1749477631000000000,AAPL,XNAS,2,-1,1.002851128578186,100,174.0,1
1749477632000000000,AAPL,XNAS,1,1,1.0015122890472412,100,1.0,1
1749477632000000000,AAPL,XNAS,1,-1,1.0019090175628662,100,90.0,1
1749477632000000000,AAPL,XNAS,2,1,1.0011652708053589,100,39.0,1
1749477632000000000,AAPL,XNAS,2,-1,1.0019586086273193,100,10.0,1
1749477633000000000,AAPL,XNAS,1,1,1.0011652708053589,100,14.0,1
1749477633000000000,AAPL,XNAS,1,-1,1.0019090175628662,100,90.0,1
1749477633000000000,AAPL,XNAS,2,1,1.0004215240478516,100,25.0,1
1749477633000000000,AAPL,XNAS,2,-1,1.0019586086273193,100,10.0,1
1749477634000000000,AAPL,XNAS,1,1,1.0011652708053589,100,14.0,1
1749477634000000000,AAPL,XNAS,1,-1,1.0019090175628662,100,100.0,1
1749477634000000000,AAPL,XNAS,2,1,1.0004215240478516,100,25.0,1
1749477634000000000,AAPL,XNAS,2,-1,1.002256155014038,100,27.0,1
1749477635000000000,AAPL,XNAS,1,1,1.0007685422897339,100,139.0,1
1749477635000000000,AAPL,XNAS,1,-1,1.0015122890472412,100,90.0,1
1749477635000000000,AAPL,XNAS,2,1,1.0004215240478516,100,25.0,1
1749477635000000000,AAPL,XNAS,2,-1,1.0019090175628662,100,10.0,1
1749477636000000000,AAPL,XNAS,1,1,1.0007685422897339,100,139.0,1
1749477636000000000,AAPL,XNAS,1,-1,1.0015122890472412,100,105.0,1
1749477636000000000,AAPL,XNAS,2,1,1.0004215240478516,100,25.0,1
1749477636000000000,AAPL,XNAS,2,-1,1.0019090175628662,100,200.0,1
1749477637000000000,AAPL,XNAS,1,1,1.0007685422897339,100,139.0,1
1749477637000000000,AAPL,XNAS,1,-1,1.0015122890472412,100,205.0,1
1749477637000000000,AAPL,XNAS,2,1,1.0004215240478516,100,25.0,1
1749477637000000000,AAPL,XNAS,2,-1,1.0019090175628662,100,300.0,2
1749477638000000000,AAPL,XNAS,1,1,1.0007685422897339,100,49.0,1
1749477638000000000,AAPL,XNAS,1,-1,1.0015122890472412,100,205.0,1
1749477638000000000,AAPL,XNAS,2,1,1.0004215240478516,100,25.0,1
1749477638000000000,AAPL,XNAS,2,-1,1.0019090175628662,100,300.0,2
1749477639000000000,AAPL,XNAS,1,1,1.0007685422897339,100,49.0,1
1749477639000000000,AAPL,XNAS,1,-1,1.0015122890472412,100,205.0,1
1749477639000000000,AAPL,XNAS,2,1,1.0004215240478516,100,25.0,1
1749477639000000000,AAPL,XNAS,2,-1,1.0016114711761475,100,100.0,1
1749477640000000000,AAPL,XNAS,1,1,1.0000743865966797,100,204.0,1
1749477640000000000,AAPL,XNAS,1,-1,1.0011156797409058,100,90.0,1
1749477640000000000,AAPL,XNAS,2,1,0.9997273087501526,100,349.0,2
1749477640000000000,AAPL,XNAS,2,-1,1.0011652708053589,100,10.0,1
1749477642000000000,AAPL,XNAS,1,1,1.000173568725586,100,192.0,1
1749477642000000000,AAPL,XNAS,1,-1,1.0011156797409058,100,90.0,1
1749477642000000000,AAPL,XNAS,2,1,0.9997273087501526,100,349.0,2
1749477642000000000,AAPL,XNAS,2,-1,1.0011652708053589,100,10.0,1
1749477646000000000,AAPL,XNAS,1,1,1.0005701780319214,100,90.0,1
1749477646000000000,AAPL,XNAS,1,-1,1.0011652708053589,100,10.0,1
1749477646000000000,AAPL,XNAS,2,1,1.0004215240478516,100,78.0,1
1749477646000000000,AAPL,XNAS,2,-1,1.001413106918335,100,5.0,1
1749477654000000000,AAPL,XNAS,1,1,1.0008677244186401,100,111.0,1
1749477654000000000,AAPL,XNAS,1,-1,1.001413106918335,100,5.0,1
1749477654000000000,AAPL,XNAS,2,1,1.0004215240478516,100,27.0,1
1749477654000000000,AAPL,XNAS,2,-1,1.0015122890472412,100,200.0,1
1749477657000000000,AAPL,XNAS,1,1,1.0008677244186401,100,11.0,1
1749477657000000000,AAPL,XNAS,1,-1,1.0013636350631714,100,90.0,1
1749477657000000000,AAPL,XNAS,2,1,1.0004215240478516,100,27.0,1
1749477657000000000,AAPL,XNAS,2,-1,1.001413106918335,100,5.0,1
1749477662000000000,AAPL,XNAS,1,1,1.0000247955322266,100,263.0,2
1749477662000000000,AAPL,XNAS,1,-1,1.0010660886764526,100,90.0,1
1749477662000000000,AAPL,XNAS,2,1,0.9997768402099609,100,200.0,1
1749477662000000000,AAPL,XNAS,2,-1,1.0012644529342651,100,200.0,1
1749477665000000000,AAPL,XNAS,1,1,1.0000247955322266,100,263.0,2
1749477665000000000,AAPL,XNAS,1,-1,1.0010660886764526,100,90.0,1
1749477665000000000,AAPL,XNAS,2,1,0.9997768402099609,100,200.0,1
1749477665000000000,AAPL,XNAS,2,-1,1.0011652708053589,100,200.0,1
1749477666000000000,AAPL,XNAS,1,1,1.0000247955322266,100,263.0,2
1749477666000000000,AAPL,XNAS,1,-1,1.0010660886764526,100,95.0,1
1749477666000000000,AAPL,XNAS,2,1,0.9997768402099609,100,200.0,1
1749477666000000000,AAPL,XNAS,2,-1,1.0011652708053589,100,200.0,1
1749477671000000000,AAPL,XNAS,1,1,1.0000247955322266,100,163.0,1
1749477671000000000,AAPL,XNAS,1,-1,1.0007189512252808,100,90.0,1
1749477671000000000,AAPL,XNAS,2,1,0.9997768402099609,100,200.0,1
1749477671000000000,AAPL,XNAS,2,-1,1.0007685422897339,100,15.0,1
1749477672000000000,AAPL,XNAS,1,1,1.0000247955322266,100,163.0,1
1749477672000000000,AAPL,XNAS,1,-1,1.0007189512252808,100,90.0,1
1749477672000000000,AAPL,XNAS,2,1,0.9997768402099609,100,200.0,1
1749477672000000000,AAPL,XNAS,2,-1,1.0010660886764526,100,315.0,2
1749477673000000000,AAPL,XNAS,1,1,1.0000247955322266,100,164.0,1
1749477673000000000,AAPL,XNAS,1,-1,1.0007189512252808,100,90.0,1
1749477673000000000,AAPL,XNAS,2,1,0.9997768402099609,100,200.0,1
1749477673000000000,AAPL,XNAS,2,-1,1.0010660886764526,100,215.0,1
1749477677000000000,AAPL,XNAS,1,1,1.0003719329833984,100,309.0,2
1749477677000000000,AAPL,XNAS,1,-1,1.0010660886764526,100,210.0,1
1749477677000000000,AAPL,XNAS,2,1,1.0000247955322266,100,201.0,1
1749477677000000000,AAPL,XNAS,2,-1,1.0015122890472412,100,27.0,1
1749477678000000000,AAPL,XNAS,1,1,1.0008677244186401,100,122.0,1
1749477678000000000,AAPL,XNAS,1,-1,1.0016114711761475,100,90.0,1
1749477678000000000,AAPL,XNAS,2,1,1.000818133354187,100,200.0,1
1749477678000000000,AAPL,XNAS,2,-1,1.0016610622406006,100,100.0,1
1749477679000000000,AAPL,XNAS,1,1,1.0008677244186401,100,32.0,1
1749477679000000000,AAPL,XNAS,1,-1,1.0016114711761475,100,90.0,1
1749477679000000000,AAPL,XNAS,2,1,1.0004215240478516,100,27.0,1
1749477679000000000,AAPL,XNAS,2,-1,1.0016610622406006,100,105.0,1
1749477685000000000,AAPL,XNAS,1,1,1.0008677244186401,100,36.0,1
1749477685000000000,AAPL,XNAS,1,-1,1.0016114711761475,100,90.0,1
1749477685000000000,AAPL,XNAS,2,1,1.0004215240478516,100,27.0,1
1749477685000000000,AAPL,XNAS,2,-1,1.0016610622406006,100,105.0,1
1749477688000000000,AAPL,XNAS,1,1,1.0013140439987183,100,209.0,1
1749477688000000000,AAPL,XNAS,1,-1,1.002206563949585,100,100.0,1
1749477688000000000,AAPL,XNAS,2,1,1.0012644529342651,100,200.0,1
1749477688000000000,AAPL,XNAS,2,-1,1.002256155014038,100,12.0,1
1749477689000000000,AAPL,XNAS,1,1,1.0013140439987183,100,110.0,1
1749477689000000000,AAPL,XNAS,1,-1,1.002206563949585,100,100.0,1
1749477689000000000,AAPL,XNAS,2,1,1.0011652708053589,100,25.0,1
1749477689000000000,AAPL,XNAS,2,-1,1.002256155014038,100,12.0,1
1749477690000000000,AAPL,XNAS,1,1,1.0013140439987183,100,110.0,1
1749477690000000000,AAPL,XNAS,1,-1,1.0021569728851318,100,90.0,1
1749477690000000000,AAPL,XNAS,2,1,1.0011652708053589,100,25.0,1
1749477690000000000,AAPL,XNAS,2,-1,1.002206563949585,100,100.0,1
1749477691000000000,AAPL,XNAS,1,1,1.0013140439987183,100,110.0,1
1749477691000000000,AAPL,XNAS,1,-1,1.0021569728851318,100,90.0,1
1749477691000000000,AAPL,XNAS,2,1,1.0011652708053589,100,25.0,1
1749477691000000000,AAPL,XNAS,2,-1,1.002256155014038,100,12.0,1
1749477698000000000,AAPL,XNAS,1,1,1.0013140439987183,100,20.0,1
1749477698000000000,AAPL,XNAS,1,-1,1.0021569728851318,100,190.0,1
1749477698000000000,AAPL,XNAS,2,1,1.0010660886764526,100,2.0,1
1749477698000000000,AAPL,XNAS,2,-1,1.002256155014038,100,37.0,1
1749477699000000000,AAPL,XNAS,1,1,1.0008677244186401,100,4.0,1
1749477699000000000,AAPL,XNAS,1,-1,1.0017106533050537,100,90.0,1
1749477699000000000,AAPL,XNAS,2,1,1.0004215240478516,100,229.0,1
1749477699000000000,AAPL,XNAS,2,-1,1.00180983543396,100,100.0,1
1749477700000000000,AAPL,XNAS,1,1,1.0008677244186401,100,4.0,1
1749477700000000000,AAPL,XNAS,1,-1,1.0017106533050537,100,190.0,1
1749477700000000000,AAPL,XNAS,2,1,1.0004709959030151,100,55.0,1
1749477700000000000,AAPL,XNAS,2,-1,1.0021569728851318,100,100.0,1
1749477702000000000,AAPL,XNAS,1,1,1.0008677244186401,100,4.0,1
1749477702000000000,AAPL,XNAS,1,-1,1.0017106533050537,100,190.0,1
1749477702000000000,AAPL,XNAS,2,1,1.0004709959030151,100,157.0,1
1749477702000000000,AAPL,XNAS,2,-1,1.0021569728851318,100,100.0,1
1749477703000000000,AAPL,XNAS,1,1,1.0008677244186401,100,4.0,1
1749477703000000000,AAPL,XNAS,1,-1,1.0017106533050537,100,190.0,1
1749477703000000000,AAPL,XNAS,2,1,1.0004709959030151,100,57.0,1
1749477703000000000,AAPL,XNAS,2,-1,1.0021569728851318,100,100.0,1
1749477706000000000,AAPL,XNAS,1,1,1.0008677244186401,100,4.0,1
1749477706000000000,AAPL,XNAS,1,-1,1.0017106533050537,100,290.0,2
1749477706000000000,AAPL,XNAS,2,1,1.0004709959030151,100,57.0,1
1749477706000000000,AAPL,XNAS,2,-1,1.0021569728851318,100,100.0,1
1749477708000000000,AAPL,XNAS,1,1,1.0008677244186401,100,4.0,1
1749477708000000000,AAPL,XNAS,1,-1,1.0017106533050537,100,290.0,2
1749477708000000000,AAPL,XNAS,2,1,1.0005205869674683,100,133.0,1
1749477708000000000,AAPL,XNAS,2,-1,1.0021569728851318,100,100.0,1
1749477709000000000,AAPL,XNAS,1,1,1.0008677244186401,100,4.0,1
1749477709000000000,AAPL,XNAS,1,-1,1.0017106533050537,100,290.0,2
1749477709000000000,AAPL,XNAS,2,1,1.0005205869674683,100,33.0,1
1749477709000000000,AAPL,XNAS,2,-1,1.0021569728851318,100,100.0,1
1749477712000000000,AAPL,XNAS,1,1,1.0008677244186401,100,4.0,1
1749477712000000000,AAPL,XNAS,1,-1,1.0017106533050537,100,290.0,2
1749477712000000000,AAPL,XNAS,2,1,1.0005205869674683,100,78.0,1
1749477712000000000,AAPL,XNAS,2,-1,1.0021569728851318,100,100.0,1
1749477713000000000,AAPL,XNAS,1,1,1.0008677244186401,100,4.0,1
1749477713000000000,AAPL,XNAS,1,-1,1.0017106533050537,100,290.0,2
1749477713000000000,AAPL,XNAS,2,1,1.0005205869674683,100,78.0,1
1749477713000000000,AAPL,XNAS,2,-1,1.0021073818206787,100,200.0,1
1749477720000000000,AAPL,XNAS,1,1,1.0008677244186401,100,4.0,1
1749477720000000000,AAPL,XNAS,1,-1,1.0017106533050537,100,290.0,2
1749477720000000000,AAPL,XNAS,2,1,1.0005701780319214,100,45.0,1
1749477720000000000,AAPL,XNAS,2,-1,1.0021073818206787,100,100.0,1
1749477724000000000,AAPL,XNAS,1,1,1.0009173154830933,100,103.0,1
1749477724000000000,AAPL,XNAS,1,-1,1.0017106533050537,100,290.0,2
1749477724000000000,AAPL,XNAS,2,1,1.0008677244186401,100,4.0,1
1749477724000000000,AAPL,XNAS,2,-1,1.0021073818206787,100,100.0,1
1749477734000000000,AAPL,XNAS,1,1,1.0009173154830933,100,103.0,1
1749477734000000000,AAPL,XNAS,1,-1,1.0017106533050537,100,200.0,1
1749477734000000000,AAPL,XNAS,2,1,1.0008677244186401,100,4.0,1
1749477734000000000,AAPL,XNAS,2,-1,1.0021073818206787,100,100.0,1
1749477738000000000,AAPL,XNAS,1,1,1.0010660886764526,100,15.0,1
1749477738000000000,AAPL,XNAS,1,-1,1.0017106533050537,100,200.0,1
1749477738000000000,AAPL,XNAS,2,1,1.0008677244186401,100,4.0,1
1749477738000000000,AAPL,XNAS,2,-1,1.0021073818206787,100,100.0,1
1749477739000000000,AAPL,XNAS,1,1,1.0006197690963745,100,90.0,1
1749477739000000000,AAPL,XNAS,1,-1,1.0013636350631714,100,90.0,1
1749477739000000000,AAPL,XNAS,2,1,1.0005701780319214,100,1.0,1
1749477739000000000,AAPL,XNAS,2,-1,1.0015618801116943,100,26.0,1
1749477741000000000,AAPL,XNAS,1,1,1.000818133354187,100,121.0,1
1749477741000000000,AAPL,XNAS,1,-1,1.0016114711761475,100,90.0,1
1749477741000000000,AAPL,XNAS,2,1,1.0005701780319214,100,1.0,1
1749477741000000000,AAPL,XNAS,2,-1,1.0017106533050537,100,200.0,1
1749477745000000000,AAPL,XNAS,1,1,1.0009669065475464,100,13.0,1
1749477745000000000,AAPL,XNAS,1,-1,1.0016610622406006,100,90.0,1
1749477745000000000,AAPL,XNAS,2,1,1.000818133354187,100,5.0,1
1749477745000000000,AAPL,XNAS,2,-1,1.0017106533050537,100,200.0,1
1749477746000000000,AAPL,XNAS,1,1,1.0009669065475464,100,13.0,1
1749477746000000000,AAPL,XNAS,1,-1,1.0016610622406006,100,90.0,1
1749477746000000000,AAPL,XNAS,2,1,1.000818133354187,100,4.0,1
1749477746000000000,AAPL,XNAS,2,-1,1.0017106533050537,100,200.0,1
1749477748000000000,AAPL,XNAS,1,1,1.0009669065475464,100,6.0,1
1749477748000000000,AAPL,XNAS,1,-1,1.0016610622406006,100,190.0,1
1749477748000000000,AAPL,XNAS,2,1,1.000818133354187,100,4.0,1
1749477748000000000,AAPL,XNAS,2,-1,1.0017106533050537,100,100.0,1
1749477749000000000,AAPL,XNAS,1,1,1.0009669065475464,100,6.0,1
1749477749000000000,AAPL,XNAS,1,-1,1.0016610622406006,100,190.0,1
1749477749000000000,AAPL,XNAS,2,1,1.000818133354187,100,4.0,1
1749477749000000000,AAPL,XNAS,2,-1,1.0021073818206787,100,100.0,1
1749477751000000000,AAPL,XNAS,1,1,1.000818133354187,100,16.0,1
1749477751000000000,AAPL,XNAS,1,-1,1.0016114711761475,100,90.0,1
1749477751000000000,AAPL,XNAS,2,1,1.0004215240478516,100,227.0,1
1749477751000000000,AAPL,XNAS,2,-1,1.0016610622406006,100,100.0,1
1749477753000000000,AAPL,XNAS,1,1,1.000818133354187,100,16.0,1
1749477753000000000,AAPL,XNAS,1,-1,1.0016114711761475,100,90.0,1
1749477753000000000,AAPL,XNAS,2,1,1.0007189512252808,100,50.0,1
1749477753000000000,AAPL,XNAS,2,-1,1.0016610622406006,100,100.0,1
1749477754000000000,AAPL,XNAS,1,1,1.000818133354187,100,16.0,1
1749477754000000000,AAPL,XNAS,1,-1,1.0016114711761475,100,190.0,1
1749477754000000000,AAPL,XNAS,2,1,1.0007189512252808,100,50.0,1
1749477754000000000,AAPL,XNAS,2,-1,1.0021073818206787,100,100.0,1
1749477755000000000,AAPL,XNAS,1,1,1.0008677244186401,100,93.0,1
1749477755000000000,AAPL,XNAS,1,-1,1.0016114711761475,100,201.0,1
1749477755000000000,AAPL,XNAS,2,1,1.000818133354187,100,4.0,1
1749477755000000000,AAPL,XNAS,2,-1,1.0021073818206787,100,100.0,1
1749477758000000000,AAPL,XNAS,1,1,1.0008677244186401,100,93.0,1
1749477758000000000,AAPL,XNAS,1,-1,1.0016114711761475,100,201.0,1
1749477758000000000,AAPL,XNAS,2,1,1.000818133354187,100,4.0,1
1749477758000000000,AAPL,XNAS,2,-1,1.0019090175628662,100,189.0,1
1749477759000000000,AAPL,XNAS,1,1,1.0008677244186401,100,93.0,1
1749477759000000000,AAPL,XNAS,1,-1,1.0016114711761475,100,101.0,1
1749477759000000000,AAPL,XNAS,2,1,1.000818133354187,100,4.0,1
1749477759000000000,AAPL,XNAS,2,-1,1.0019090175628662,100,89.0,1
1749477760000000000,AAPL,XNAS,1,1,1.0008677244186401,100,93.0,1
1749477760000000000,AAPL,XNAS,1,-1,1.0016114711761475,100,90.0,1
1749477760000000000,AAPL,XNAS,2,1,1.000818133354187,100,4.0,1
1749477760000000000,AAPL,XNAS,2,-1,1.00180983543396,100,200.0,1
1749477761000000000,AAPL,XNAS,1,1,1.0008677244186401,100,93.0,1
1749477761000000000,AAPL,XNAS,1,-1,1.00180983543396,100,100.0,1
1749477761000000000,AAPL,XNAS,2,1,1.000818133354187,100,4.0,1
1749477761000000000,AAPL,XNAS,2,-1,1.0019090175628662,100,89.0,1
1749477762000000000,AAPL,XNAS,1,1,1.0008677244186401,100,93.0,1
1749477762000000000,AAPL,XNAS,1,-1,1.0019090175628662,100,89.0,1
1749477762000000000,AAPL,XNAS,2,1,1.000818133354187,100,4.0,1
1749477762000000000,AAPL,XNAS,2,-1,1.0021073818206787,100,100.0,1
1749477763000000000,AAPL,XNAS,1,1,1.0008677244186401,100,93.0,1
1749477763000000000,AAPL,XNAS,1,-1,1.0016114711761475,100,100.0,1
1749477763000000000,AAPL,XNAS,2,1,1.000818133354187,100,4.0,1
1749477763000000000,AAPL,XNAS,2,-1,1.0019090175628662,100,89.0,1
1749477765000000000,AAPL,XNAS,1,1,1.0009669065475464,100,102.0,1
1749477765000000000,AAPL,XNAS,1,-1,1.0016114711761475,100,179.0,1
1749477765000000000,AAPL,XNAS,2,1,1.0008677244186401,100,99.0,1
1749477765000000000,AAPL,XNAS,2,-1,1.0019090175628662,100,89.0,1
1749477766000000000,AAPL,XNAS,1,1,1.0009669065475464,100,102.0,1
1749477766000000000,AAPL,XNAS,1,-1,1.0016114711761475,100,190.0,1
1749477766000000000,AAPL,XNAS,2,1,1.0008677244186401,100,99.0,1
1749477766000000000,AAPL,XNAS,2,-1,1.0019090175628662,100,89.0,1
1749477767000000000,AAPL,XNAS,1,1,1.000818133354187,100,15.0,1
1749477767000000000,AAPL,XNAS,1,-1,1.0015122890472412,100,90.0,1
1749477767000000000,AAPL,XNAS,2,1,1.0007189512252808,100,50.0,1
1749477767000000000,AAPL,XNAS,2,-1,1.0015618801116943,100,26.0,1
1749477768000000000,AAPL,XNAS,1,1,1.000818133354187,100,15.0,1
1749477768000000000,AAPL,XNAS,1,-1,1.0015122890472412,100,90.0,1
1749477768000000000,AAPL,XNAS,2,1,1.0007189512252808,100,50.0,1
1749477768000000000,AAPL,XNAS,2,-1,1.0016114711761475,100,190.0,1
1749477771000000000,AAPL,XNAS,1,1,1.000818133354187,100,15.0,1
1749477771000000000,AAPL,XNAS,1,-1,1.0015122890472412,100,101.0,1
1749477771000000000,AAPL,XNAS,2,1,1.0007189512252808,100,50.0,1
1749477771000000000,AAPL,XNAS,2,-1,1.0016114711761475,100,179.0,1
1749477772000000000,AAPL,XNAS,1,1,1.0008677244186401,100,90.0,1
1749477772000000000,AAPL,XNAS,1,-1,1.0015122890472412,100,11.0,1
1749477772000000000,AAPL,XNAS,2,1,1.000818133354187,100,15.0,1
1749477772000000000,AAPL,XNAS,2,-1,1.0016114711761475,100,179.0,1
1749477773000000000,AAPL,XNAS,1,1,1.0008677244186401,100,90.0,1
1749477773000000000,AAPL,XNAS,1,-1,1.0015122890472412,100,21.0,1
1749477773000000000,AAPL,XNAS,2,1,1.000818133354187,100,15.0,1
1749477773000000000,AAPL,XNAS,2,-1,1.0016114711761475,100,179.0,1
1749477775000000000,AAPL,XNAS,1,1,1.0008677244186401,100,136.0,1
1749477775000000000,AAPL,XNAS,1,-1,1.0015122890472412,100,10.0,1
1749477775000000000,AAPL,XNAS,2,1,1.000818133354187,100,4.0,1
1749477775000000000,AAPL,XNAS,2,-1,1.0016114711761475,100,179.0,1
1749477780000000000,AAPL,XNAS,1,1,1.0008677244186401,100,136.0,1
1749477780000000000,AAPL,XNAS,1,-1,1.0015122890472412,100,110.0,1
1749477780000000000,AAPL,XNAS,2,1,1.000818133354187,100,4.0,1
1749477780000000000,AAPL,XNAS,2,-1,1.0016114711761475,100,179.0,1
1749477785000000000,AAPL,XNAS,1,1,1.0008677244186401,100,46.0,1
1749477785000000000,AAPL,XNAS,1,-1,1.001462697982788,100,100.0,1
1749477785000000000,AAPL,XNAS,2,1,1.000818133354187,100,4.0,1
1749477785000000000,AAPL,XNAS,2,-1,1.0015122890472412,100,100.0,1
1749477796000000000,AAPL,XNAS,1,1,1.0006197690963745,100,90.0,1
1749477796000000000,AAPL,XNAS,1,-1,1.0013636350631714,100,110.0,1
1749477796000000000,AAPL,XNAS,2,1,1.0005205869674683,100,34.0,1
1749477796000000000,AAPL,XNAS,2,-1,1.0015122890472412,100,100.0,1
1749477797000000000,AAPL,XNAS,1,1,1.0006197690963745,100,90.0,1
1749477797000000000,AAPL,XNAS,1,-1,1.0013636350631714,100,110.0,1
1749477797000000000,AAPL,XNAS,2,1,1.0005205869674683,100,134.0,1
1749477797000000000,AAPL,XNAS,2,-1,1.0015122890472412,100,100.0,1
1749477800000000000,AAPL,XNAS,1,1,1.0006197690963745,100,90.0,1
1749477800000000000,AAPL,XNAS,1,-1,1.0013636350631714,100,210.0,1
1749477800000000000,AAPL,XNAS,2,1,1.0005205869674683,100,134.0,1
1749477800000000000,AAPL,XNAS,2,-1,1.0015122890472412,100,100.0,1
1749477804000000000,AAPL,XNAS,1,1,1.0006197690963745,100,90.0,1
1749477804000000000,AAPL,XNAS,1,-1,1.0013636350631714,100,120.0,1
1749477804000000000,AAPL,XNAS,2,1,1.0005205869674683,100,134.0,1
1749477804000000000,AAPL,XNAS,2,-1,1.0015122890472412,100,100.0,1
1749477805000000000,AAPL,XNAS,1,1,1.0010164976119995,100,2.0,1
1749477805000000000,AAPL,XNAS,1,-1,1.0019090175628662,100,90.0,1
1749477805000000000,AAPL,XNAS,2,1,1.0007685422897339,100,6.0,1
1749477805000000000,AAPL,XNAS,2,-1,1.0021073818206787,100,81.0,1
1749477807000000000,AAPL,XNAS,1,1,1.0012644529342651,100,90.0,1
1749477807000000000,AAPL,XNAS,1,-1,1.0019090175628662,100,90.0,1
1749477807000000000,AAPL,XNAS,2,1,1.0010660886764526,100,128.0,1
1749477807000000000,AAPL,XNAS,2,-1,1.0021073818206787,100,81.0,1
1749477811000000000,AAPL,XNAS,1,1,1.0012644529342651,100,189.0,1
1749477811000000000,AAPL,XNAS,1,-1,1.0021073818206787,100,81.0,1
1749477811000000000,AAPL,XNAS,2,1,1.0010660886764526,100,28.0,1
1749477811000000000,AAPL,XNAS,2,-1,1.0021569728851318,100,100.0,1
1749477816000000000,AAPL,XNAS,1,1,1.0012644529342651,100,190.0,1
1749477816000000000,AAPL,XNAS,1,-1,1.0021073818206787,100,81.0,1
1749477816000000000,AAPL,XNAS,2,1,1.0010660886764526,100,27.0,1
1749477816000000000,AAPL,XNAS,2,-1,1.0021569728851318,100,100.0,1
1749477817000000000,AAPL,XNAS,1,1,1.0016114711761475,100,90.0,1
1749477817000000000,AAPL,XNAS,1,-1,1.002256155014038,100,12.0,1
1749477817000000000,AAPL,XNAS,2,1,1.0012644529342651,100,1.0,1
1749477817000000000,AAPL,XNAS,2,-1,1.0023057460784912,100,100.0,1
1749477818000000000,AAPL,XNAS,1,1,1.0012644529342651,100,201.0,1
1749477818000000000,AAPL,XNAS,1,-1,1.002206563949585,100,90.0,1
1749477818000000000,AAPL,XNAS,2,1,1.0010660886764526,100,27.0,1
1749477818000000000,AAPL,XNAS,2,-1,1.002256155014038,100,12.0,1
1749477819000000000,AAPL,XNAS,1,1,1.0012644529342651,100,101.0,1
1749477819000000000,AAPL,XNAS,1,-1,1.002206563949585,100,90.0,1
1749477819000000000,AAPL,XNAS,2,1,1.0010660886764526,100,27.0,1
1749477819000000000,AAPL,XNAS,2,-1,1.002256155014038,100,12.0,1
1749477820000000000,AAPL,XNAS,1,1,1.0012644529342651,100,101.0,1
1749477820000000000,AAPL,XNAS,1,-1,1.0020081996917725,100,90.0,1
1749477820000000000,AAPL,XNAS,2,1,1.0010660886764526,100,27.0,1
1749477820000000000,AAPL,XNAS,2,-1,1.002256155014038,100,12.0,1
1749477821000000000,AAPL,XNAS,1,1,1.0012644529342651,100,101.0,1
1749477821000000000,AAPL,XNAS,1,-1,1.0020081996917725,100,190.0,1
1749477821000000000,AAPL,XNAS,2,1,1.0010660886764526,100,27.0,1
1749477821000000000,AAPL,XNAS,2,-1,1.002256155014038,100,12.0,1
1749477823000000000,AAPL,XNAS,1,1,1.0013140439987183,100,90.0,1
1749477823000000000,AAPL,XNAS,1,-1,1.0020081996917725,100,190.0,1
1749477823000000000,AAPL,XNAS,2,1,1.0012644529342651,100,101.0,1
1749477823000000000,AAPL,XNAS,2,-1,1.002256155014038,100,12.0,1
1749477824000000000,AAPL,XNAS,1,1,1.0013140439987183,100,90.0,1
1749477824000000000,AAPL,XNAS,1,-1,1.002206563949585,100,90.0,1
1749477824000000000,AAPL,XNAS,2,1,1.0012644529342651,100,101.0,1
1749477824000000000,AAPL,XNAS,2,-1,1.002256155014038,100,12.0,1
1749477827000000000,AAPL,XNAS,1,1,1.0013140439987183,100,90.0,1
1749477827000000000,AAPL,XNAS,1,-1,1.002206563949585,100,165.0,1
1749477827000000000,AAPL,XNAS,2,1,1.0012644529342651,100,101.0,1
1749477827000000000,AAPL,XNAS,2,-1,1.002256155014038,100,12.0,1
1749477828000000000,AAPL,XNAS,1,1,1.0012644529342651,100,2.0,1
1749477828000000000,AAPL,XNAS,1,-1,1.001859426498413,100,90.0,1
1749477828000000000,AAPL,XNAS,2,1,1.0009173154830933,100,1.0,1
1749477828000000000,AAPL,XNAS,2,-1,1.0019090175628662,100,15.0,1
1749477829000000000,AAPL,XNAS,1,1,1.0006693601608276,100,104.0,1
1749477829000000000,AAPL,XNAS,1,-1,1.001462697982788,100,90.0,1
1749477829000000000,AAPL,XNAS,2,1,1.0006197690963745,100,104.0,1
1749477829000000000,AAPL,XNAS,2,-1,1.0016114711761475,100,27.0,1
1749477833000000000,AAPL,XNAS,1,1,1.0011652708053589,100,90.0,1
1749477833000000000,AAPL,XNAS,1,-1,1.0020577907562256,100,90.0,1
1749477833000000000,AAPL,XNAS,2,1,1.0010660886764526,100,28.0,1
1749477833000000000,AAPL,XNAS,2,-1,1.002206563949585,100,75.0,1
1749477835000000000,AAPL,XNAS,1,1,1.0012644529342651,100,90.0,1
1749477835000000000,AAPL,XNAS,1,-1,1.0020577907562256,100,90.0,1
1749477835000000000,AAPL,XNAS,2,1,1.001214861869812,100,1.0,1
1749477835000000000,AAPL,XNAS,2,-1,1.0021073818206787,100,76.0,1
1749477836000000000,AAPL,XNAS,1,1,1.00180983543396,100,90.0,1
1749477836000000000,AAPL,XNAS,1,-1,1.0026031732559204,100,18.0,1
1749477836000000000,AAPL,XNAS,2,1,1.0012644529342651,100,13.0,1
1749477836000000000,AAPL,XNAS,2,-1,1.0029999017715454,100,27.0,1
1749477840000000000,AAPL,XNAS,1,1,1.00180983543396,100,90.0,1
1749477840000000000,AAPL,XNAS,1,-1,1.0025535821914673,100,90.0,1
1749477840000000000,AAPL,XNAS,2,1,1.0013140439987183,100,139.0,1
1749477840000000000,AAPL,XNAS,2,-1,1.0026031732559204,100,18.0,1
1749477841000000000,AAPL,XNAS,1,1,1.002206563949585,100,90.0,1
1749477841000000000,AAPL,XNAS,1,-1,1.0026031732559204,100,18.0,1
1749477841000000000,AAPL,XNAS,2,1,1.00180983543396,100,127.0,1
1749477841000000000,AAPL,XNAS,2,-1,1.0029007196426392,100,62.0,1
1749477842000000000,AAPL,XNAS,1,1,1.002206563949585,100,90.0,1
1749477842000000000,AAPL,XNAS,1,-1,1.0026031732559204,100,18.0,1
1749477842000000000,AAPL,XNAS,2,1,1.00180983543396,100,27.0,1
1749477842000000000,AAPL,XNAS,2,-1,1.0029007196426392,100,62.0,1
1749477846000000000,AAPL,XNAS,1,1,1.001859426498413,100,190.0,1
1749477846000000000,AAPL,XNAS,1,-1,1.002801537513733,100,90.0,1
1749477846000000000,AAPL,XNAS,2,1,1.0017106533050537,100,100.0,1
1749477846000000000,AAPL,XNAS,2,-1,1.0029007196426392,100,62.0,1
1749477849000000000,AAPL,XNAS,1,1,1.001859426498413,100,91.0,1
1749477849000000000,AAPL,XNAS,1,-1,1.002801537513733,100,90.0,1
1749477849000000000,AAPL,XNAS,2,1,1.0016610622406006,100,200.0,1
1749477849000000000,AAPL,XNAS,2,-1,1.0029007196426392,100,62.0,1
1749477854000000000,AAPL,XNAS,1,1,1.001859426498413,100,91.0,1
1749477854000000000,AAPL,XNAS,1,-1,1.002801537513733,100,90.0,1
1749477854000000000,AAPL,XNAS,2,1,1.0017602443695068,100,27.0,1
1749477854000000000,AAPL,XNAS,2,-1,1.0029007196426392,100,62.0,1
1749477855000000000,AAPL,XNAS,1,1,1.001859426498413,100,91.0,1
1749477855000000000,AAPL,XNAS,1,-1,1.002801537513733,100,90.0,1
1749477855000000000,AAPL,XNAS,2,1,1.0016610622406006,100,200.0,1
1749477855000000000,AAPL,XNAS,2,-1,1.0029007196426392,100,62.0,1
1749477865000000000,AAPL,XNAS,1,1,1.001859426498413,100,91.0,1
1749477865000000000,AAPL,XNAS,1,-1,1.002801537513733,100,92.0,1
1749477865000000000,AAPL,XNAS,2,1,1.0016610622406006,100,200.0,1
1749477865000000000,AAPL,XNAS,2,-1,1.0029007196426392,100,62.0,1
1749477867000000000,AAPL,XNAS,1,1,1.001859426498413,100,1.0,1
1749477867000000000,AAPL,XNAS,1,-1,1.002801537513733,100,92.0,1
1749477867000000000,AAPL,XNAS,2,1,1.0016610622406006,100,200.0,1
1749477867000000000,AAPL,XNAS,2,-1,1.0029007196426392,100,62.0,1
1749477868000000000,AAPL,XNAS,1,1,1.001859426498413,100,1.0,1
1749477868000000000,AAPL,XNAS,1,-1,1.002801537513733,100,92.0,1
1749477868000000000,AAPL,XNAS,2,1,1.0016610622406006,100,305.0,2
1749477868000000000,AAPL,XNAS,2,-1,1.0029007196426392,100,62.0,1
1749477869000000000,AAPL,XNAS,1,1,1.0019090175628662,100,90.0,1
1749477869000000000,AAPL,XNAS,1,-1,1.002801537513733,100,92.0,1
1749477869000000000,AAPL,XNAS,2,1,1.001859426498413,100,1.0,1
1749477869000000000,AAPL,XNAS,2,-1,1.0029007196426392,100,62.0,1
1749477874000000000,AAPL,XNAS,1,1,1.0019090175628662,100,90.0,1
1749477874000000000,AAPL,XNAS,1,-1,1.002801537513733,100,92.0,1
1749477874000000000,AAPL,XNAS,2,1,1.001859426498413,100,1.0,1
1749477874000000000,AAPL,XNAS,2,-1,1.0029999017715454,100,27.0,1
1749477875000000000,AAPL,XNAS,1,1,1.0019090175628662,100,190.0,1
1749477875000000000,AAPL,XNAS,1,-1,1.002801537513733,100,92.0,1
1749477875000000000,AAPL,XNAS,2,1,1.001859426498413,100,1.0,1
1749477875000000000,AAPL,XNAS,2,-1,1.0029999017715454,100,27.0,1
1749477877000000000,AAPL,XNAS,1,1,1.0019090175628662,100,288.0,2
1749477877000000000,AAPL,XNAS,1,-1,1.002801537513733,100,2.0,1
1749477877000000000,AAPL,XNAS,2,1,1.001859426498413,100,1.0,1
1749477877000000000,AAPL,XNAS,2,-1,1.0029999017715454,100,27.0,1
1749477885000000000,AAPL,XNAS,1,1,1.0020081996917725,100,90.0,1
1749477885000000000,AAPL,XNAS,1,-1,1.002801537513733,100,2.0,1
1749477885000000000,AAPL,XNAS,2,1,1.0019586086273193,100,1.0,1
1749477885000000000,AAPL,XNAS,2,-1,1.0029999017715454,100,27.0,1
1749477886000000000,AAPL,XNAS,1,1,1.0020081996917725,100,90.0,1
1749477886000000000,AAPL,XNAS,1,-1,1.002801537513733,100,2.0,1
1749477886000000000,AAPL,XNAS,2,1,1.0019586086273193,100,2.0,1
1749477886000000000,AAPL,XNAS,2,-1,1.0029999017715454,100,27.0,1
1749477888000000000,AAPL,XNAS,1,1,1.0020081996917725,100,90.0,1
1749477888000000000,AAPL,XNAS,1,-1,1.002801537513733,100,2.0,1
1749477888000000000,AAPL,XNAS,2,1,1.0019586086273193,100,2.0,1
1749477888000000000,AAPL,XNAS,2,-1,1.0029999017715454,100,137.0,1
1749477889000000000,AAPL,XNAS,1,1,1.0020081996917725,100,90.0,1
1749477889000000000,AAPL,XNAS,1,-1,1.002801537513733,100,2.0,1
1749477889000000000,AAPL,XNAS,2,1,1.0019586086273193,100,2.0,1
1749477889000000000,AAPL,XNAS,2,-1,1.0029999017715454,100,37.0,1
1749477890000000000,AAPL,XNAS,1,1,1.002454400062561,100,90.0,1
1749477890000000000,AAPL,XNAS,1,-1,1.0029999017715454,100,10.0,1
1749477890000000000,AAPL,XNAS,2,1,1.0019586086273193,100,2.0,1
1749477890000000000,AAPL,XNAS,2,-1,1.0033965110778809,100,79.0,1
1749477891000000000,AAPL,XNAS,1,1,1.002454400062561,100,90.0,1
1749477891000000000,AAPL,XNAS,1,-1,1.0029999017715454,100,10.0,1
1749477891000000000,AAPL,XNAS,2,1,1.0020081996917725,100,200.0,1
1749477891000000000,AAPL,XNAS,2,-1,1.0033965110778809,100,79.0,1
1749477894000000000,AAPL,XNAS,1,1,1.0020577907562256,100,90.0,1
1749477894000000000,AAPL,XNAS,1,-1,1.0029999017715454,100,10.0,1
1749477894000000000,AAPL,XNAS,2,1,1.0020081996917725,100,100.0,1
1749477894000000000,AAPL,XNAS,2,-1,1.0033965110778809,100,79.0,1
1749477897000000000,AAPL,XNAS,1,1,1.0020577907562256,100,90.0,1
1749477897000000000,AAPL,XNAS,1,-1,1.0029503107070923,100,200.0,1
1749477897000000000,AAPL,XNAS,2,1,1.0020081996917725,100,100.0,1
1749477897000000000,AAPL,XNAS,2,-1,1.0033965110778809,100,79.0,1
1749477898000000000,AAPL,XNAS,1,1,1.0020577907562256,100,90.0,1
1749477898000000000,AAPL,XNAS,1,-1,1.0029503107070923,100,200.0,1
1749477898000000000,AAPL,XNAS,2,1,1.0020081996917725,100,100.0,1
1749477898000000000,AAPL,XNAS,2,-1,1.0029999017715454,100,25.0,1
1749477900000000000,AAPL,XNAS,1,1,1.0020577907562256,100,188.0,1
1749477900000000000,AAPL,XNAS,1,-1,1.002801537513733,100,62.0,1
1749477900000000000,AAPL,XNAS,2,1,1.0020081996917725,100,100.0,1
1749477900000000000,AAPL,XNAS,2,-1,1.0029503107070923,100,110.0,1
1749477906000000000,AAPL,XNAS,1,1,1.0020577907562256,100,188.0,1
1749477906000000000,AAPL,XNAS,1,-1,1.002801537513733,100,62.0,1
1749477906000000000,AAPL,XNAS,2,1,1.0020081996917725,100,100.0,1
1749477906000000000,AAPL,XNAS,2,-1,1.0029503107070923,100,110.0,1
1749477907000000000,AAPL,XNAS,1,1,1.002851128578186,100,90.0,1
1749477907000000000,AAPL,XNAS,1,-1,1.0033965110778809,100,79.0,1
1749477907000000000,AAPL,XNAS,2,1,1.0027519464492798,100,98.0,1
1749477907000000000,AAPL,XNAS,2,-1,1.003446102142334,100,100.0,1
1749477908000000000,AAPL,XNAS,1,1,1.002851128578186,100,90.0,1
1749477908000000000,AAPL,XNAS,1,-1,1.003446102142334,100,100.0,1
1749477908000000000,AAPL,XNAS,2,1,1.0027519464492798,100,205.0,1
1749477908000000000,AAPL,XNAS,2,-1,1.0036940574645996,100,27.0,1
1749477909000000000,AAPL,XNAS,1,1,1.002851128578186,100,90.0,1
1749477909000000000,AAPL,XNAS,1,-1,1.003446102142334,100,100.0,1
1749477909000000000,AAPL,XNAS,2,1,1.0027519464492798,100,206.0,1
1749477909000000000,AAPL,XNAS,2,-1,1.0036940574645996,100,27.0,1
1749477910000000000,AAPL,XNAS,1,1,1.0027519464492798,100,108.0,1
1749477910000000000,AAPL,XNAS,1,-1,1.0033965110778809,100,90.0,1
1749477910000000000,AAPL,XNAS,2,1,1.0027023553848267,100,4.0,1
1749477910000000000,AAPL,XNAS,2,-1,1.003446102142334,100,100.0,1
1749477920000000000,AAPL,XNAS,1,1,1.0021569728851318,100,90.0,1
1749477920000000000,AAPL,XNAS,1,-1,1.0030990839004517,100,114.0,1
1749477920000000000,AAPL,XNAS,2,1,1.0021073818206787,100,200.0,1
1749477920000000000,AAPL,XNAS,2,-1,1.0033965110778809,100,100.0,1
1749477921000000000,AAPL,XNAS,1,1,1.0021569728851318,100,90.0,1
1749477921000000000,AAPL,XNAS,1,-1,1.0030990839004517,100,114.0,1
1749477921000000000,AAPL,XNAS,2,1,1.0021073818206787,100,200.0,1
1749477921000000000,AAPL,XNAS,2,-1,1.0031486749649048,100,2.0,1
1749477926000000000,AAPL,XNAS,1,1,1.0021569728851318,100,91.0,1
1749477926000000000,AAPL,XNAS,1,-1,1.0030990839004517,100,114.0,1
1749477926000000000,AAPL,XNAS,2,1,1.0021073818206787,100,200.0,1
1749477926000000000,AAPL,XNAS,2,-1,1.0031486749649048,100,2.0,1
1749477927000000000,AAPL,XNAS,1,1,1.0021569728851318,100,1.0,1
1749477927000000000,AAPL,XNAS,1,-1,1.0030990839004517,100,114.0,1
1749477927000000000,AAPL,XNAS,2,1,1.0021073818206787,100,200.0,1
1749477927000000000,AAPL,XNAS,2,-1,1.0031486749649048,100,2.0,1
1749477928000000000,AAPL,XNAS,1,1,1.0021073818206787,100,248.0,2
1749477928000000000,AAPL,XNAS,1,-1,1.0030990839004517,100,114.0,1
1749477928000000000,AAPL,XNAS,2,1,1.0019586086273193,100,1.0,1
1749477928000000000,AAPL,XNAS,2,-1,1.0031486749649048,100,2.0,1
1749477930000000000,AAPL,XNAS,1,1,1.001413106918335,100,90.0,1
1749477930000000000,AAPL,XNAS,1,-1,1.002404808998108,100,90.0,1
1749477930000000000,AAPL,XNAS,2,1,1.0013636350631714,100,12.0,1
1749477930000000000,AAPL,XNAS,2,-1,1.0029503107070923,100,126.0,1
1749477931000000000,AAPL,XNAS,1,1,1.001413106918335,100,90.0,1
1749477931000000000,AAPL,XNAS,1,-1,1.002404808998108,100,90.0,1
1749477931000000000,AAPL,XNAS,2,1,1.0013636350631714,100,12.0,1
1749477931000000000,AAPL,XNAS,2,-1,1.0029503107070923,100,26.0,1
1749477932000000000,AAPL,XNAS,1,1,1.001413106918335,100,90.0,1
1749477932000000000,AAPL,XNAS,1,-1,1.002404808998108,100,90.0,1
1749477932000000000,AAPL,XNAS,2,1,1.0013636350631714,100,7.0,1
1749477932000000000,AAPL,XNAS,2,-1,1.0029503107070923,100,26.0,1
1749477933000000000,AAPL,XNAS,1,1,1.001413106918335,100,90.0,1
1749477933000000000,AAPL,XNAS,1,-1,1.002404808998108,100,90.0,1
1749477933000000000,AAPL,XNAS,2,1,1.0013636350631714,100,4.0,1
1749477933000000000,AAPL,XNAS,2,-1,1.0029503107070923,100,26.0,1
1749477934000000000,AAPL,XNAS,1,1,1.001413106918335,100,90.0,1
1749477934000000000,AAPL,XNAS,1,-1,1.002404808998108,100,90.0,1
1749477934000000000,AAPL,XNAS,2,1,1.0013636350631714,100,2.0,1
1749477934000000000,AAPL,XNAS,2,-1,1.0029503107070923,100,26.0,1
1749477935000000000,AAPL,XNAS,1,1,1.0011652708053589,100,347.0,2
1749477935000000000,AAPL,XNAS,1,-1,1.002404808998108,100,90.0,1
1749477935000000000,AAPL,XNAS,2,1,1.0011156797409058,100,345.0,2
1749477935000000000,AAPL,XNAS,2,-1,1.0029503107070923,100,26.0,1
1749477936000000000,AAPL,XNAS,1,1,1.0015122890472412,100,90.0,1
1749477936000000000,AAPL,XNAS,1,-1,1.002404808998108,100,90.0,1
1749477936000000000,AAPL,XNAS,2,1,1.001413106918335,100,112.0,1
1749477936000000000,AAPL,XNAS,2,-1,1.0029503107070923,100,26.0,1
1749477940000000000,AAPL,XNAS,1,1,1.0015618801116943,100,90.0,1
1749477940000000000,AAPL,XNAS,1,-1,1.002404808998108,100,90.0,1
1749477940000000000,AAPL,XNAS,2,1,1.0013140439987183,100,147.0,1
1749477940000000000,AAPL,XNAS,2,-1,1.0029503107070923,100,26.0,1
1749477942000000000,AAPL,XNAS,1,1,1.0012644529342651,100,100.0,1
1749477942000000000,AAPL,XNAS,1,-1,1.002404808998108,100,90.0,1
1749477942000000000,AAPL,XNAS,2,1,1.001214861869812,100,90.0,1
1749477942000000000,AAPL,XNAS,2,-1,1.0029007196426392,100,200.0,1
1749477943000000000,AAPL,XNAS,1,1,1.001214861869812,100,188.0,1
1749477943000000000,AAPL,XNAS,1,-1,1.002404808998108,100,90.0,1
1749477943000000000,AAPL,XNAS,2,1,1.0011652708053589,100,147.0,1
1749477943000000000,AAPL,XNAS,2,-1,1.0029007196426392,100,100.0,1
1749477947000000000,AAPL,XNAS,1,1,1.0013636350631714,100,100.0,1
1749477947000000000,AAPL,XNAS,1,-1,1.002404808998108,100,90.0,1
1749477947000000000,AAPL,XNAS,2,1,1.0013140439987183,100,90.0,1
1749477947000000000,AAPL,XNAS,2,-1,1.0029503107070923,100,26.0,1
1749477949000000000,AAPL,XNAS,1,1,1.001462697982788,100,100.0,1
1749477949000000000,AAPL,XNAS,1,-1,1.002404808998108,100,90.0,1
1749477949000000000,AAPL,XNAS,2,1,1.001413106918335,100,90.0,1
1749477949000000000,AAPL,XNAS,2,-1,1.0029503107070923,100,26.0,1
1749477950000000000,AAPL,XNAS,1,1,1.0012644529342651,100,49.0,1
1749477950000000000,AAPL,XNAS,1,-1,1.002404808998108,100,90.0,1
1749477950000000000,AAPL,XNAS,2,1,1.0011652708053589,100,49.0,1
1749477950000000000,AAPL,XNAS,2,-1,1.0029503107070923,100,26.0,1
1749477951000000000,AAPL,XNAS,1,1,1.0012644529342651,100,49.0,1
1749477951000000000,AAPL,XNAS,1,-1,1.002404808998108,100,190.0,1
1749477951000000000,AAPL,XNAS,2,1,1.0011652708053589,100,49.0,1
1749477951000000000,AAPL,XNAS,2,-1,1.0029503107070923,100,26.0,1
1749477952000000000,AAPL,XNAS,1,1,1.001214861869812,100,90.0,1
1749477952000000000,AAPL,XNAS,1,-1,1.002404808998108,100,90.0,1
1749477952000000000,AAPL,XNAS,2,1,1.0011652708053589,100,49.0,1
1749477952000000000,AAPL,XNAS,2,-1,1.0029503107070923,100,26.0,1
1749477954000000000,AAPL,XNAS,1,1,1.0013636350631714,100,100.0,1
1749477954000000000,AAPL,XNAS,1,-1,1.002404808998108,100,90.0,1
1749477954000000000,AAPL,XNAS,2,1,1.0013140439987183,100,90.0,1
1749477954000000000,AAPL,XNAS,2,-1,1.0029503107070923,100,26.0,1
1749477955000000000,AAPL,XNAS,1,1,1.0017602443695068,100,90.0,1
1749477955000000000,AAPL,XNAS,1,-1,1.0029007196426392,100,124.0,1
1749477955000000000,AAPL,XNAS,2,1,1.0013636350631714,100,293.0,2
1749477955000000000,AAPL,XNAS,2,-1,1.0029503107070923,100,26.0,1
1749477964000000000,AAPL,XNAS,1,1,1.0015122890472412,100,100.0,1
1749477964000000000,AAPL,XNAS,1,-1,1.0029007196426392,100,124.0,1
1749477964000000000,AAPL,XNAS,2,1,1.001462697982788,100,90.0,1
1749477964000000000,AAPL,XNAS,2,-1,1.0029503107070923,100,26.0,1
1749477965000000000,AAPL,XNAS,1,1,1.0017106533050537,100,100.0,1
1749477965000000000,AAPL,XNAS,1,-1,1.0029007196426392,100,124.0,1
1749477965000000000,AAPL,XNAS,2,1,1.0016610622406006,100,90.0,1
1749477965000000000,AAPL,XNAS,2,-1,1.0029503107070923,100,26.0,1
1749477966000000000,AAPL,XNAS,1,1,1.0017602443695068,100,100.0,1
1749477966000000000,AAPL,XNAS,1,-1,1.0029007196426392,100,124.0,1
1749477966000000000,AAPL,XNAS,2,1,1.0017106533050537,100,90.0,1
1749477966000000000,AAPL,XNAS,2,-1,1.0029503107070923,100,26.0,1
1749477969000000000,AAPL,XNAS,1,1,1.0016610622406006,100,100.0,1
1749477969000000000,AAPL,XNAS,1,-1,1.0029007196426392,100,100.0,1
1749477969000000000,AAPL,XNAS,2,1,1.0016114711761475,100,90.0,1
1749477969000000000,AAPL,XNAS,2,-1,1.0029503107070923,100,26.0,1
1749477972000000000,AAPL,XNAS,1,1,1.001859426498413,100,100.0,1
1749477972000000000,AAPL,XNAS,1,-1,1.0029503107070923,100,26.0,1
1749477972000000000,AAPL,XNAS,2,1,1.00180983543396,100,188.0,1
1749477972000000000,AAPL,XNAS,2,-1,1.0036940574645996,100,27.0,1
1749477973000000000,AAPL,XNAS,1,1,1.0026031732559204,100,90.0,1
1749477973000000000,AAPL,XNAS,1,-1,1.0036444664001465,100,100.0,1
1749477973000000000,AAPL,XNAS,2,1,1.0020081996917725,100,100.0,1
1749477973000000000,AAPL,XNAS,2,-1,1.0036940574645996,100,27.0,1
1749477980000000000,AAPL,XNAS,1,1,1.0026031732559204,100,90.0,1
1749477980000000000,AAPL,XNAS,1,-1,1.0036444664001465,100,100.0,1
1749477980000000000,AAPL,XNAS,2,1,1.0020081996917725,100,101.0,1
1749477980000000000,AAPL,XNAS,2,-1,1.0036940574645996,100,27.0,1
1749477981000000000,AAPL,XNAS,1,1,1.002256155014038,100,90.0,1
1749477981000000000,AAPL,XNAS,1,-1,1.0036444664001465,100,100.0,1
1749477981000000000,AAPL,XNAS,2,1,1.0020081996917725,100,101.0,1
1749477981000000000,AAPL,XNAS,2,-1,1.0036940574645996,100,27.0,1
1749477984000000000,AAPL,XNAS,1,1,1.002256155014038,100,90.0,1
1749477984000000000,AAPL,XNAS,1,-1,1.0030494928359985,100,85.0,1
1749477984000000000,AAPL,XNAS,2,1,1.0020081996917725,100,101.0,1
1749477984000000000,AAPL,XNAS,2,-1,1.0036940574645996,100,27.0,1
1749477985000000000,AAPL,XNAS,1,1,1.0023552179336548,100,90.0,1
1749477985000000000,AAPL,XNAS,1,-1,1.0030494928359985,100,85.0,1
1749477985000000000,AAPL,XNAS,2,1,1.0023057460784912,100,100.0,1
1749477985000000000,AAPL,XNAS,2,-1,1.0036940574645996,100,27.0,1
1749477989000000000,AAPL,XNAS,1,1,1.0025535821914673,100,90.0,1
1749477989000000000,AAPL,XNAS,1,-1,1.0030494928359985,100,85.0,1
1749477989000000000,AAPL,XNAS,2,1,1.0020577907562256,100,200.0,1
1749477989000000000,AAPL,XNAS,2,-1,1.0036940574645996,100,27.0,1
1749477990000000000,AAPL,XNAS,1,1,1.0025535821914673,100,90.0,1
1749477990000000000,AAPL,XNAS,1,-1,1.0036444664001465,100,124.0,1
1749477990000000000,AAPL,XNAS,2,1,1.002404808998108,100,100.0,1
1749477990000000000,AAPL,XNAS,2,-1,1.0036940574645996,100,27.0,1
1749477993000000000,AAPL,XNAS,1,1,1.0025535821914673,100,90.0,1
1749477993000000000,AAPL,XNAS,1,-1,1.003198266029358,100,100.0,1
1749477993000000000,AAPL,XNAS,2,1,1.002404808998108,100,100.0,1
1749477993000000000,AAPL,XNAS,2,-1,1.0036444664001465,100,24.0,1
1749477995000000000,AAPL,XNAS,1,1,1.003198266029358,100,90.0,1
1749477995000000000,AAPL,XNAS,1,-1,1.0039420127868652,100,2.0,1
1749477995000000000,AAPL,XNAS,2,1,1.0030494928359985,100,100.0,1
1749477995000000000,AAPL,XNAS,2,-1,1.004437804222107,100,227.0,1
1749477996000000000,AAPL,XNAS,1,1,1.003198266029358,100,100.0,1
1749477996000000000,AAPL,XNAS,1,-1,1.003892421722412,100,90.0,1
1749477996000000000,AAPL,XNAS,2,1,1.002801537513733,100,12.0,1
1749477996000000000,AAPL,XNAS,2,-1,1.0039420127868652,100,2.0,1
1749477997000000000,AAPL,XNAS,1,1,1.003198266029358,100,101.0,1
1749477997000000000,AAPL,XNAS,1,-1,1.003892421722412,100,90.0,1
1749477997000000000,AAPL,XNAS,2,1,1.002801537513733,100,12.0,1
1749477997000000000,AAPL,XNAS,2,-1,1.0039420127868652,100,2.0,1
1749477998000000000,AAPL,XNAS,1,1,1.003198266029358,100,101.0,1
1749477998000000000,AAPL,XNAS,1,-1,1.003892421722412,100,90.0,1
1749477998000000000,AAPL,XNAS,2,1,1.0031486749649048,100,25.0,1
1749477998000000000,AAPL,XNAS,2,-1,1.0039420127868652,100,2.0,1
1749477999000000000,AAPL,XNAS,1,1,1.002801537513733,100,12.0,1
1749477999000000000,AAPL,XNAS,1,-1,1.003495693206787,100,289.0,2
1749477999000000000,AAPL,XNAS,2,1,1.0020081996917725,100,100.0,1
1749477999000000000,AAPL,XNAS,2,-1,1.0036940574645996,100,27.0,1
1749478001000000000,AAPL,XNAS,1,1,1.002801537513733,100,12.0,1
1749478001000000000,AAPL,XNAS,1,-1,1.003495693206787,100,289.0,2
1749478001000000000,AAPL,XNAS,2,1,1.0020081996917725,100,300.0,2
1749478001000000000,AAPL,XNAS,2,-1,1.0036940574645996,100,27.0,1
1749478002000000000,AAPL,XNAS,1,1,1.002801537513733,100,12.0,1
1749478002000000000,AAPL,XNAS,1,-1,1.003495693206787,100,189.0,1
1749478002000000000,AAPL,XNAS,2,1,1.0020081996917725,100,200.0,1
1749478002000000000,AAPL,XNAS,2,-1,1.0036940574645996,100,27.0,1
1749478003000000000,AAPL,XNAS,1,1,1.002801537513733,100,12.0,1
1749478003000000000,AAPL,XNAS,1,-1,1.003446102142334,100,90.0,1
1749478003000000000,AAPL,XNAS,2,1,1.0020081996917725,100,200.0,1
1749478003000000000,AAPL,XNAS,2,-1,1.003495693206787,100,99.0,1
1749478005000000000,AAPL,XNAS,1,1,1.0021569728851318,100,90.0,1
1749478005000000000,AAPL,XNAS,1,-1,1.0030990839004517,100,90.0,1
1749478005000000000,AAPL,XNAS,2,1,1.0019586086273193,100,1.0,1
1749478005000000000,AAPL,XNAS,2,-1,1.0031486749649048,100,24.0,1
1749478008000000000,AAPL,XNAS,1,1,1.0023552179336548,100,90.0,1
1749478008000000000,AAPL,XNAS,1,-1,1.0030990839004517,100,100.0,1
1749478008000000000,AAPL,XNAS,2,1,1.0020081996917725,100,100.0,1
1749478008000000000,AAPL,XNAS,2,-1,1.003495693206787,100,99.0,1
1749478010000000000,AAPL,XNAS,1,1,1.0020081996917725,100,90.0,1
1749478010000000000,AAPL,XNAS,1,-1,1.0030990839004517,100,90.0,1
1749478010000000000,AAPL,XNAS,2,1,1.0019586086273193,100,1.0,1
1749478010000000000,AAPL,XNAS,2,-1,1.003495693206787,100,99.0,1
1749478012000000000,AAPL,XNAS,1,1,1.0020081996917725,100,90.0,1
1749478012000000000,AAPL,XNAS,1,-1,1.0030990839004517,100,190.0,1
1749478012000000000,AAPL,XNAS,2,1,1.0019586086273193,100,1.0,1
1749478012000000000,AAPL,XNAS,2,-1,1.003495693206787,100,99.0,1
1749478013000000000,AAPL,XNAS,1,1,1.0020081996917725,100,90.0,1
1749478013000000000,AAPL,XNAS,1,-1,1.0030990839004517,100,90.0,1
1749478013000000000,AAPL,XNAS,2,1,1.0019586086273193,100,1.0,1
1749478013000000000,AAPL,XNAS,2,-1,1.003495693206787,100,99.0,1
1749478015000000000,AAPL,XNAS,1,1,1.0020081996917725,100,90.0,1
1749478015000000000,AAPL,XNAS,1,-1,1.0030990839004517,100,90.0,1
1749478015000000000,AAPL,XNAS,2,1,1.0017106533050537,100,26.0,1
1749478015000000000,AAPL,XNAS,2,-1,1.003495693206787,100,99.0,1
1749478017000000000,AAPL,XNAS,1,1,1.0021569728851318,100,100.0,1
1749478017000000000,AAPL,XNAS,1,-1,1.0030990839004517,100,90.0,1
1749478017000000000,AAPL,XNAS,2,1,1.0021073818206787,100,90.0,1
1749478017000000000,AAPL,XNAS,2,-1,1.003495693206787,100,99.0,1
1749478018000000000,AAPL,XNAS,1,1,1.002206563949585,100,90.0,1
1749478018000000000,AAPL,XNAS,1,-1,1.0030990839004517,100,90.0,1
1749478018000000000,AAPL,XNAS,2,1,1.0020081996917725,100,100.0,1
1749478018000000000,AAPL,XNAS,2,-1,1.003495693206787,100,99.0,1
1749478019000000000,AAPL,XNAS,1,1,1.002206563949585,100,90.0,1
1749478019000000000,AAPL,XNAS,1,-1,1.0030990839004517,100,190.0,1
1749478019000000000,AAPL,XNAS,2,1,1.0020081996917725,100,100.0,1
1749478019000000000,AAPL,XNAS,2,-1,1.003495693206787,100,99.0,1
1749478020000000000,AAPL,XNAS,1,1,1.002206563949585,100,90.0,1
1749478020000000000,AAPL,XNAS,1,-1,1.0030990839004517,100,90.0,1
1749478020000000000,AAPL,XNAS,2,1,1.0020081996917725,100,100.0,1
1749478020000000000,AAPL,XNAS,2,-1,1.003495693206787,100,99.0,1
1749478025000000000,AAPL,XNAS,1,1,1.0020081996917725,100,100.0,1
1749478025000000000,AAPL,XNAS,1,-1,1.0030990839004517,100,90.0,1
1749478025000000000,AAPL,XNAS,2,1,1.0017106533050537,100,26.0,1
1749478025000000000,AAPL,XNAS,2,-1,1.0033965110778809,100,110.0,1
1749478026000000000,AAPL,XNAS,1,1,1.0020081996917725,100,100.0,1
1749478026000000000,AAPL,XNAS,1,-1,1.0030990839004517,100,190.0,1
1749478026000000000,AAPL,XNAS,2,1,1.0017106533050537,100,26.0,1
1749478026000000000,AAPL,XNAS,2,-1,1.003446102142334,100,110.0,1
1749478028000000000,AAPL,XNAS,1,1,1.0020081996917725,100,100.0,1
1749478028000000000,AAPL,XNAS,1,-1,1.0030990839004517,100,90.0,1
1749478028000000000,AAPL,XNAS,2,1,1.0017106533050537,100,26.0,1
1749478028000000000,AAPL,XNAS,2,-1,1.003446102142334,100,10.0,1
1749478029000000000,AAPL,XNAS,1,1,1.0020081996917725,100,100.0,1
1749478029000000000,AAPL,XNAS,1,-1,1.0030990839004517,100,90.0,1
1749478029000000000,AAPL,XNAS,2,1,1.0019586086273193,100,1.0,1
1749478029000000000,AAPL,XNAS,2,-1,1.003495693206787,100,99.0,1
1749478032000000000,AAPL,XNAS,1,1,1.0020081996917725,100,105.0,1
1749478032000000000,AAPL,XNAS,1,-1,1.0030990839004517,100,90.0,1
1749478032000000000,AAPL,XNAS,2,1,1.0019586086273193,100,1.0,1
1749478032000000000,AAPL,XNAS,2,-1,1.003495693206787,100,99.0,1
1749478035000000000,AAPL,XNAS,1,1,1.002206563949585,100,100.0,1
1749478035000000000,AAPL,XNAS,1,-1,1.0030990839004517,100,90.0,1
1749478035000000000,AAPL,XNAS,2,1,1.0021569728851318,100,54.0,1
1749478035000000000,AAPL,XNAS,2,-1,1.003495693206787,100,99.0,1
1749478036000000000,AAPL,XNAS,1,1,1.0023057460784912,100,90.0,1
1749478036000000000,AAPL,XNAS,1,-1,1.0030990839004517,100,90.0,1
1749478036000000000,AAPL,XNAS,2,1,1.0020577907562256,100,200.0,1
1749478036000000000,AAPL,XNAS,2,-1,1.003495693206787,100,99.0,1
1749478037000000000,AAPL,XNAS,1,1,1.0023057460784912,100,90.0,1
1749478037000000000,AAPL,XNAS,1,-1,1.0030990839004517,100,100.0,1
1749478037000000000,AAPL,XNAS,2,1,1.0020577907562256,100,210.0,1
1749478037000000000,AAPL,XNAS,2,-1,1.003495693206787,100,99.0,1
1749478040000000000,AAPL,XNAS,1,1,1.0027023553848267,100,100.0,1
1749478040000000000,AAPL,XNAS,1,-1,1.003495693206787,100,99.0,1
1749478040000000000,AAPL,XNAS,2,1,1.0026527643203735,100,90.0,1
1749478040000000000,AAPL,XNAS,2,-1,1.0036940574645996,100,27.0,1
1749478041000000000,AAPL,XNAS,1,1,1.0026527643203735,100,100.0,1
1749478041000000000,AAPL,XNAS,1,-1,1.003495693206787,100,99.0,1
1749478041000000000,AAPL,XNAS,2,1,1.0026031732559204,100,90.0,1
1749478041000000000,AAPL,XNAS,2,-1,1.0036940574645996,100,37.0,1
1749478042000000000,AAPL,XNAS,1,1,1.0026031732559204,100,90.0,1
1749478042000000000,AAPL,XNAS,1,-1,1.003446102142334,100,190.0,1
1749478042000000000,AAPL,XNAS,2,1,1.0020081996917725,100,110.0,1
1749478042000000000,AAPL,XNAS,2,-1,1.003495693206787,100,99.0,1
1749478043000000000,AAPL,XNAS,1,1,1.0020577907562256,100,105.0,1
1749478043000000000,AAPL,XNAS,1,-1,1.003446102142334,100,190.0,1
1749478043000000000,AAPL,XNAS,2,1,1.0020081996917725,100,100.0,1
1749478043000000000,AAPL,XNAS,2,-1,1.003495693206787,100,99.0,1
1749478044000000000,AAPL,XNAS,1,1,1.002206563949585,100,100.0,1
1749478044000000000,AAPL,XNAS,1,-1,1.003446102142334,100,190.0,1
1749478044000000000,AAPL,XNAS,2,1,1.0021569728851318,100,54.0,1
1749478044000000000,AAPL,XNAS,2,-1,1.003495693206787,100,99.0,1
1749478045000000000,AAPL,XNAS,1,1,1.0025039911270142,100,90.0,1
1749478045000000000,AAPL,XNAS,1,-1,1.003446102142334,100,190.0,1
1749478045000000000,AAPL,XNAS,2,1,1.0023057460784912,100,5.0,1
1749478045000000000,AAPL,XNAS,2,-1,1.003495693206787,100,99.0,1
1749478050000000000,AAPL,XNAS,1,1,1.0025039911270142,100,90.0,1
1749478050000000000,AAPL,XNAS,1,-1,1.003446102142334,100,90.0,1
1749478050000000000,AAPL,XNAS,2,1,1.002454400062561,100,5.0,1
1749478050000000000,AAPL,XNAS,2,-1,1.003495693206787,100,99.0,1
1749478052000000000,AAPL,XNAS,1,1,1.002454400062561,100,5.0,1
1749478052000000000,AAPL,XNAS,1,-1,1.003446102142334,100,90.0,1
1749478052000000000,AAPL,XNAS,2,1,1.0021569728851318,100,49.0,1
1749478052000000000,AAPL,XNAS,2,-1,1.003495693206787,100,99.0,1
1749478054000000000,AAPL,XNAS,1,1,1.002454400062561,100,5.0,1
1749478054000000000,AAPL,XNAS,1,-1,1.003446102142334,100,190.0,1
1749478054000000000,AAPL,XNAS,2,1,1.0021569728851318,100,49.0,1
1749478054000000000,AAPL,XNAS,2,-1,1.003495693206787,100,99.0,1
1749478059000000000,AAPL,XNAS,1,1,1.002454400062561,100,5.0,1
1749478059000000000,AAPL,XNAS,1,-1,1.003446102142334,100,90.0,1
1749478059000000000,AAPL,XNAS,2,1,1.0021569728851318,100,49.0,1
1749478059000000000,AAPL,XNAS,2,-1,1.003495693206787,100,99.0,1
1749478061000000000,AAPL,XNAS,1,1,1.002454400062561,100,5.0,1
1749478061000000000,AAPL,XNAS,1,-1,1.003446102142334,100,91.0,1
1749478061000000000,AAPL,XNAS,2,1,1.0021569728851318,100,49.0,1
1749478061000000000,AAPL,XNAS,2,-1,1.003495693206787,100,99.0,1
1749478062000000000,AAPL,XNAS,1,1,1.002454400062561,100,5.0,1
1749478062000000000,AAPL,XNAS,1,-1,1.003446102142334,100,90.0,1
1749478062000000000,AAPL,XNAS,2,1,1.0021569728851318,100,49.0,1
1749478062000000000,AAPL,XNAS,2,-1,1.003495693206787,100,99.0,1
1749478063000000000,AAPL,XNAS,1,1,1.002454400062561,100,5.0,1
1749478063000000000,AAPL,XNAS,1,-1,1.003446102142334,100,190.0,1
1749478063000000000,AAPL,XNAS,2,1,1.0021569728851318,100,49.0,1
1749478063000000000,AAPL,XNAS,2,-1,1.003495693206787,100,99.0,1
1749478064000000000,AAPL,XNAS,1,1,1.002454400062561,100,5.0,1
1749478064000000000,AAPL,XNAS,1,-1,1.003446102142334,100,191.0,1
1749478064000000000,AAPL,XNAS,2,1,1.0021569728851318,100,49.0,1
1749478064000000000,AAPL,XNAS,2,-1,1.003495693206787,100,99.0,1
1749478073000000000,AAPL,XNAS,1,1,1.0021569728851318,100,100.0,1
1749478073000000000,AAPL,XNAS,1,-1,1.003446102142334,100,391.0,3
1749478073000000000,AAPL,XNAS,2,1,1.0021073818206787,100,5.0,1
1749478073000000000,AAPL,XNAS,2,-1,1.003495693206787,100,99.0,1
1749478074000000000,AAPL,XNAS,1,1,1.0021073818206787,100,5.0,1
1749478074000000000,AAPL,XNAS,1,-1,1.003446102142334,100,291.0,2
1749478074000000000,AAPL,XNAS,2,1,1.0020081996917725,100,100.0,1
1749478074000000000,AAPL,XNAS,2,-1,1.003495693206787,100,99.0,1
1749478082000000000,AAPL,XNAS,1,1,1.0023057460784912,100,5.0,1
1749478082000000000,AAPL,XNAS,1,-1,1.003446102142334,100,291.0,2
1749478082000000000,AAPL,XNAS,2,1,1.0020081996917725,100,100.0,1
1749478082000000000,AAPL,XNAS,2,-1,1.003495693206787,100,99.0,1
1749478085000000000,AAPL,XNAS,1,1,1.0023057460784912,100,5.0,1
1749478085000000000,AAPL,XNAS,1,-1,1.003446102142334,100,191.0,1
1749478085000000000,AAPL,XNAS,2,1,1.0020081996917725,100,100.0,1
1749478085000000000,AAPL,XNAS,2,-1,1.003495693206787,100,99.0,1
1749478087000000000,AAPL,XNAS,1,1,1.0023057460784912,100,5.0,1
1749478087000000000,AAPL,XNAS,1,-1,1.003446102142334,100,291.0,2
1749478087000000000,AAPL,XNAS,2,1,1.0020081996917725,100,100.0,1
1749478087000000000,AAPL,XNAS,2,-1,1.003495693206787,100,99.0,1
1749478088000000000,AAPL,XNAS,1,1,1.0023552179336548,100,90.0,1
1749478088000000000,AAPL,XNAS,1,-1,1.003446102142334,100,291.0,2
1749478088000000000,AAPL,XNAS,2,1,1.0023057460784912,100,5.0,1
1749478088000000000,AAPL,XNAS,2,-1,1.003495693206787,100,99.0,1
1749478089000000000,AAPL,XNAS,1,1,1.0023552179336548,100,90.0,1
1749478089000000000,AAPL,XNAS,1,-1,1.003446102142334,100,391.0,3
1749478089000000000,AAPL,XNAS,2,1,1.0023057460784912,100,5.0,1
1749478089000000000,AAPL,XNAS,2,-1,1.003495693206787,100,99.0,1
1749478090000000000,AAPL,XNAS,1,1,1.0023552179336548,100,90.0,1
1749478090000000000,AAPL,XNAS,1,-1,1.003446102142334,100,291.0,2
1749478090000000000,AAPL,XNAS,2,1,1.0023057460784912,100,5.0,1
1749478090000000000,AAPL,XNAS,2,-1,1.003495693206787,100,99.0,1
1749478096000000000,AAPL,XNAS,1,1,1.0025039911270142,100,100.0,1
1749478096000000000,AAPL,XNAS,1,-1,1.003446102142334,100,291.0,2
1749478096000000000,AAPL,XNAS,2,1,1.002454400062561,100,90.0,1
1749478096000000000,AAPL,XNAS,2,-1,1.003495693206787,100,99.0,1
1749478097000000000,AAPL,XNAS,1,1,1.0026031732559204,100,100.0,1
1749478097000000000,AAPL,XNAS,1,-1,1.003446102142334,100,191.0,1
1749478097000000000,AAPL,XNAS,2,1,1.0025535821914673,100,90.0,1
1749478097000000000,AAPL,XNAS,2,-1,1.003495693206787,100,99.0,1
1749478098000000000,AAPL,XNAS,1,1,1.0027023553848267,100,5.0,1
1749478098000000000,AAPL,XNAS,1,-1,1.003446102142334,100,191.0,1
1749478098000000000,AAPL,XNAS,2,1,1.0023057460784912,100,1.0,1
1749478098000000000,AAPL,XNAS,2,-1,1.003495693206787,100,199.0,1
1749478099000000000,AAPL,XNAS,1,1,1.0027023553848267,100,5.0,1
1749478099000000000,AAPL,XNAS,1,-1,1.003446102142334,100,291.0,2
1749478099000000000,AAPL,XNAS,2,1,1.0023057460784912,100,1.0,1
1749478099000000000,AAPL,XNAS,2,-1,1.003495693206787,100,99.0,1
1749478101000000000,AAPL,XNAS,1,1,1.0032973289489746,100,90.0,1
1749478101000000000,AAPL,XNAS,1,-1,1.0040907859802246,100,200.0,1
1749478101000000000,AAPL,XNAS,2,1,1.003247857093811,100,200.0,1
1749478101000000000,AAPL,XNAS,2,-1,1.004437804222107,100,27.0,1
1749478102000000000,AAPL,XNAS,1,1,1.0032973289489746,100,91.0,1
1749478102000000000,AAPL,XNAS,1,-1,1.0040907859802246,100,200.0,1
1749478102000000000,AAPL,XNAS,2,1,1.003247857093811,100,100.0,1
1749478102000000000,AAPL,XNAS,2,-1,1.004437804222107,100,27.0,1
1749478105000000000,AAPL,XNAS,1,1,1.0032973289489746,100,92.0,1
1749478105000000000,AAPL,XNAS,1,-1,1.0040907859802246,100,200.0,1
1749478105000000000,AAPL,XNAS,2,1,1.003247857093811,100,100.0,1
1749478105000000000,AAPL,XNAS,2,-1,1.004437804222107,100,27.0,1
1749478106000000000,AAPL,XNAS,1,1,1.0037436485290527,100,90.0,1
1749478106000000000,AAPL,XNAS,1,-1,1.0045865774154663,100,90.0,1
1749478106000000000,AAPL,XNAS,2,1,1.0032973289489746,100,102.0,1
1749478106000000000,AAPL,XNAS,2,-1,1.0050824880599976,101,98.0,1
1749478109000000000,AAPL,XNAS,1,1,1.0037436485290527,100,90.0,1
1749478109000000000,AAPL,XNAS,1,-1,1.0045865774154663,100,90.0,1
1749478109000000000,AAPL,XNAS,2,1,1.0033965110778809,100,2.0,1
1749478109000000000,AAPL,XNAS,2,-1,1.0050824880599976,101,98.0,1
1749478110000000000,AAPL,XNAS,1,1,1.003446102142334,100,90.0,1
1749478110000000000,AAPL,XNAS,1,-1,1.0045865774154663,100,90.0,1
1749478110000000000,AAPL,XNAS,2,1,1.0033965110778809,100,2.0,1
1749478110000000000,AAPL,XNAS,2,-1,1.0050824880599976,101,98.0,1
1749478111000000000,AAPL,XNAS,1,1,1.003446102142334,100,195.0,1
1749478111000000000,AAPL,XNAS,1,-1,1.0045865774154663,100,90.0,1
1749478111000000000,AAPL,XNAS,2,1,1.0033965110778809,100,2.0,1
1749478111000000000,AAPL,XNAS,2,-1,1.0050824880599976,101,98.0,1
1749478113000000000,AAPL,XNAS,1,1,1.003446102142334,100,334.0,2
1749478113000000000,AAPL,XNAS,1,-1,1.0045865774154663,100,90.0,1
1749478113000000000,AAPL,XNAS,2,1,1.0033965110778809,100,2.0,1
1749478113000000000,AAPL,XNAS,2,-1,1.0050824880599976,101,98.0,1
1749478115000000000,AAPL,XNAS,1,1,1.0036940574645996,100,90.0,1
1749478115000000000,AAPL,XNAS,1,-1,1.0047849416732788,100,114.0,1
1749478115000000000,AAPL,XNAS,2,1,1.0036444664001465,100,6.0,1
1749478115000000000,AAPL,XNAS,2,-1,1.0050824880599976,101,98.0,1
1749478116000000000,AAPL,XNAS,1,1,1.0036940574645996,100,90.0,1
1749478116000000000,AAPL,XNAS,1,-1,1.0047849416732788,100,114.0,1
1749478116000000000,AAPL,XNAS,2,1,1.0036444664001465,100,7.0,1
1749478116000000000,AAPL,XNAS,2,-1,1.0050824880599976,101,98.0,1
1749478123000000000,AAPL,XNAS,1,1,1.0036444664001465,100,7.0,1
1749478123000000000,AAPL,XNAS,1,-1,1.0047849416732788,100,114.0,1
1749478123000000000,AAPL,XNAS,2,1,1.003446102142334,100,200.0,1
1749478123000000000,AAPL,XNAS,2,-1,1.0050824880599976,101,98.0,1
1749478140000000000,AAPL,XNAS,1,1,1.0036444664001465,100,7.0,1
1749478140000000000,AAPL,XNAS,1,-1,1.0047849416732788,100,121.0,1
1749478140000000000,AAPL,XNAS,2,1,1.003446102142334,100,200.0,1
1749478140000000000,AAPL,XNAS,2,-1,1.004834532737732,100,79.0,1
1749478144000000000,AAPL,XNAS,1,1,1.003446102142334,100,100.0,1
1749478144000000000,AAPL,XNAS,1,-1,1.0043386220932007,100,90.0,1
1749478144000000000,AAPL,XNAS,2,1,1.0032973289489746,100,1.0,1
1749478144000000000,AAPL,XNAS,2,-1,1.0046361684799194,100,4.0,1
1749478145000000000,AAPL,XNAS,1,1,1.003446102142334,100,105.0,1
1749478145000000000,AAPL,XNAS,1,-1,1.0043386220932007,100,90.0,1
1749478145000000000,AAPL,XNAS,2,1,1.0032973289489746,100,1.0,1
1749478145000000000,AAPL,XNAS,2,-1,1.0043882131576538,100,26.0,1
1749478148000000000,AAPL,XNAS,1,1,1.003446102142334,100,105.0,1
1749478148000000000,AAPL,XNAS,1,-1,1.0043386220932007,100,90.0,1
1749478148000000000,AAPL,XNAS,2,1,1.0032973289489746,100,1.0,1
1749478148000000000,AAPL,XNAS,2,-1,1.0046361684799194,100,4.0,1
1749478150000000000,AAPL,XNAS,1,1,1.003446102142334,100,105.0,1
1749478150000000000,AAPL,XNAS,1,-1,1.0043386220932007,100,90.0,1
1749478150000000000,AAPL,XNAS,2,1,1.0032973289489746,100,1.0,1
1749478150000000000,AAPL,XNAS,2,-1,1.0043882131576538,100,26.0,1
1749478151000000000,AAPL,XNAS,1,1,1.0025535821914673,100,100.0,1
1749478151000000000,AAPL,XNAS,1,-1,1.0040907859802246,100,90.0,1
1749478151000000000,AAPL,XNAS,2,1,1.002454400062561,100,26.0,1
1749478151000000000,AAPL,XNAS,2,-1,1.0043882131576538,100,26.0,1
1749478153000000000,AAPL,XNAS,1,1,1.0026031732559204,100,149.0,1
1749478153000000000,AAPL,XNAS,1,-1,1.0040907859802246,100,90.0,1
1749478153000000000,AAPL,XNAS,2,1,1.002454400062561,100,26.0,1
1749478153000000000,AAPL,XNAS,2,-1,1.0043882131576538,100,26.0,1
1749478154000000000,AAPL,XNAS,1,1,1.0026527643203735,100,135.0,1
1749478154000000000,AAPL,XNAS,1,-1,1.0040907859802246,100,90.0,1
1749478154000000000,AAPL,XNAS,2,1,1.0026031732559204,100,149.0,1
1749478154000000000,AAPL,XNAS,2,-1,1.0043882131576538,100,26.0,1
1749478157000000000,AAPL,XNAS,1,1,1.0030494928359985,100,90.0,1
1749478157000000000,AAPL,XNAS,1,-1,1.0040907859802246,100,90.0,1
1749478157000000000,AAPL,XNAS,2,1,1.0026527643203735,100,35.0,1
1749478157000000000,AAPL,XNAS,2,-1,1.0043882131576538,100,26.0,1
1749478165000000000,AAPL,XNAS,1,1,1.002454400062561,100,26.0,1
1749478165000000000,AAPL,XNAS,1,-1,1.0040907859802246,100,92.0,1
1749478165000000000,AAPL,XNAS,2,1,1.002404808998108,100,100.0,1
1749478165000000000,AAPL,XNAS,2,-1,1.0043882131576538,100,26.0,1
1749478166000000000,AAPL,XNAS,1,1,1.0025039911270142,100,100.0,1
1749478166000000000,AAPL,XNAS,1,-1,1.0040907859802246,100,92.0,1
1749478166000000000,AAPL,XNAS,2,1,1.002454400062561,100,26.0,1
1749478166000000000,AAPL,XNAS,2,-1,1.0043882131576538,100,26.0,1
1749478171000000000,AAPL,XNAS,1,1,1.002404808998108,100,90.0,1
1749478171000000000,AAPL,XNAS,1,-1,1.0035452842712402,100,90.0,1
1749478171000000000,AAPL,XNAS,2,1,1.001859426498413,100,100.0,1
1749478171000000000,AAPL,XNAS,2,-1,1.0036444664001465,100,25.0,1
1749478179000000000,AAPL,XNAS,1,1,1.0021569728851318,100,90.0,1
1749478179000000000,AAPL,XNAS,1,-1,1.0035452842712402,100,90.0,1
1749478179000000000,AAPL,XNAS,2,1,1.001859426498413,100,100.0,1
1749478179000000000,AAPL,XNAS,2,-1,1.0036444664001465,100,25.0,1
1749478181000000000,AAPL,XNAS,1,1,1.0021569728851318,100,90.0,1
1749478181000000000,AAPL,XNAS,1,-1,1.0035452842712402,100,90.0,1
1749478181000000000,AAPL,XNAS,2,1,1.0017106533050537,100,26.0,1
1749478181000000000,AAPL,XNAS,2,-1,1.0036444664001465,100,25.0,1
1749478190000000000,AAPL,XNAS,1,1,1.0019090175628662,100,90.0,1
1749478190000000000,AAPL,XNAS,1,-1,1.0035452842712402,100,115.0,1
1749478190000000000,AAPL,XNAS,2,1,1.0017106533050537,100,26.0,1
1749478190000000000,AAPL,XNAS,2,-1,1.0036444664001465,100,25.0,1
1749478200000000000,AAPL,XNAS,1,1,0.9999043345451355,100,90.0,1
1749478200000000000,AAPL,XNAS,1,-1,1.0004303455352783,100,190.0,1
1749478200000000000,AAPL,XNAS,2,1,0.9998565316200256,100,23.0,1
1749478200000000000,AAPL,XNAS,2,-1,1.0006216764450073,100,2.0,1
1749478202000000000,AAPL,XNAS,1,1,0.9998565316200256,100,23.0,1
1749478202000000000,AAPL,XNAS,1,-1,1.0004303455352783,100,190.0,1
1749478202000000000,AAPL,XNAS,2,1,0.9998087286949158,100,20.0,1
1749478202000000000,AAPL,XNAS,2,-1,1.0006216764450073,100,2.0,1
1749478221000000000,AAPL,XNAS,1,1,0.9998565316200256,100,23.0,1
1749478221000000000,AAPL,XNAS,1,-1,1.0004303455352783,100,190.0,1
1749478221000000000,AAPL,XNAS,2,1,0.9998087286949158,100,20.0,1
1749478221000000000,AAPL,XNAS,2,-1,1.0006216764450073,100,2.0,1
1749478225000000000,AAPL,XNAS,1,1,0.9998087286949158,100,20.0,1
1749478225000000000,AAPL,XNAS,1,-1,1.0003347396850586,100,90.0,1
1749478225000000000,AAPL,XNAS,2,1,0.9995695948600769,100,100.0,1
1749478225000000000,AAPL,XNAS,2,-1,1.0004303455352783,100,100.0,1
1749478230000000000,AAPL,XNAS,1,1,0.9999521970748901,100,1.0,1
1749478230000000000,AAPL,XNAS,1,-1,1.0003347396850586,100,90.0,1
1749478230000000000,AAPL,XNAS,2,1,0.9998087286949158,100,20.0,1
1749478230000000000,AAPL,XNAS,2,-1,1.0004303455352783,100,100.0,1
1749478231000000000,AAPL,XNAS,1,1,0.9999521970748901,100,1.0,1
1749478231000000000,AAPL,XNAS,1,-1,1.0003347396850586,100,90.0,1
1749478231000000000,AAPL,XNAS,2,1,0.9998087286949158,100,20.0,1
1749478231000000000,AAPL,XNAS,2,-1,1.0004303455352783,100,100.0,1
1749478232000000000,AAPL,XNAS,1,1,0.9999521970748901,100,1.0,1
1749478232000000000,AAPL,XNAS,1,-1,1.0002869367599487,100,90.0,1
1749478232000000000,AAPL,XNAS,2,1,0.9998087286949158,100,20.0,1
1749478232000000000,AAPL,XNAS,2,-1,1.0004303455352783,100,100.0,1
1749478234000000000,AAPL,XNAS,1,1,0.9999521970748901,100,1.0,1
1749478234000000000,AAPL,XNAS,1,-1,1.0002869367599487,100,90.0,1
1749478234000000000,AAPL,XNAS,2,1,0.9998087286949158,100,20.0,1
1749478234000000000,AAPL,XNAS,2,-1,1.0004303455352783,100,100.0,1
1749478235000000000,AAPL,XNAS,1,1,0.9999521970748901,100,1.0,1
1749478235000000000,AAPL,XNAS,1,-1,1.0002869367599487,100,90.0,1
1749478235000000000,AAPL,XNAS,2,1,0.9998087286949158,100,20.0,1
1749478235000000000,AAPL,XNAS,2,-1,1.0004303455352783,100,100.0,1
1749478236000000000,AAPL,XNAS,1,1,0.9999521970748901,100,1.0,1
1749478236000000000,AAPL,XNAS,1,-1,1.0002869367599487,100,90.0,1
1749478236000000000,AAPL,XNAS,2,1,0.9998087286949158,100,20.0,1
1749478236000000000,AAPL,XNAS,2,-1,1.0004303455352783,100,100.0,1
1749478238000000000,AAPL,XNAS,1,1,0.9999521970748901,100,1.0,1
1749478238000000000,AAPL,XNAS,1,-1,1.0004303455352783,100,100.0,1
1749478238000000000,AAPL,XNAS,2,1,0.9998087286949158,100,20.0,1
1749478238000000000,AAPL,XNAS,2,-1,1.0008130073547363,100,100.0,1
1749478242000000000,AAPL,XNAS,1,1,1.0,100,90.0,1
1749478242000000000,AAPL,XNAS,1,-1,1.0004303455352783,100,100.0,1
1749478242000000000,AAPL,XNAS,2,1,0.9999521970748901,100,1.0,1
1749478242000000000,AAPL,XNAS,2,-1,1.0008130073547363,100,100.0,1
1749478251000000000,AAPL,XNAS,1,1,1.0,100,90.0,1
1749478251000000000,AAPL,XNAS,1,-1,1.0004303455352783,100,100.0,1
1749478251000000000,AAPL,XNAS,2,1,0.9999521970748901,100,1.0,1
1749478251000000000,AAPL,XNAS,2,-1,1.0004782676696777,100,1.0,1
1749478254000000000,AAPL,XNAS,1,1,1.0003825426101685,100,200.0,1
1749478254000000000,AAPL,XNAS,1,-1,1.000717282295227,100,90.0,1
1749478254000000000,AAPL,XNAS,2,1,1.0001434087753296,100,125.0,1
1749478254000000000,AAPL,XNAS,2,-1,1.0007652044296265,100,100.0,1
1749478255000000000,AAPL,XNAS,1,1,1.0003825426101685,100,200.0,1
1749478255000000000,AAPL,XNAS,1,-1,1.0008608102798462,100,90.0,1
1749478255000000000,AAPL,XNAS,2,1,1.0001434087753296,100,125.0,1
1749478255000000000,AAPL,XNAS,2,-1,1.0010042190551758,100,100.0,1
1749478257000000000,AAPL,XNAS,1,1,1.0004303455352783,100,90.0,1
1749478257000000000,AAPL,XNAS,1,-1,1.0008608102798462,100,90.0,1
1749478257000000000,AAPL,XNAS,2,1,1.0003825426101685,100,200.0,1
1749478257000000000,AAPL,XNAS,2,-1,1.0010042190551758,100,100.0,1
1749478262000000000,AAPL,XNAS,1,1,1.0003825426101685,100,198.0,1
1749478262000000000,AAPL,XNAS,1,-1,1.0006694793701172,100,85.0,1
1749478262000000000,AAPL,XNAS,2,1,1.0001434087753296,100,125.0,1
1749478262000000000,AAPL,XNAS,2,-1,1.0010042190551758,100,100.0,1
1749478263000000000,AAPL,XNAS,1,1,1.0003825426101685,100,198.0,1
1749478263000000000,AAPL,XNAS,1,-1,1.000956416130066,100,90.0,1
1749478263000000000,AAPL,XNAS,2,1,1.0001434087753296,100,126.0,1
1749478263000000000,AAPL,XNAS,2,-1,1.0010042190551758,100,100.0,1
1749478265000000000,AAPL,XNAS,1,1,1.0003825426101685,100,198.0,1
1749478265000000000,AAPL,XNAS,1,-1,1.000956416130066,100,90.0,1
1749478265000000000,AAPL,XNAS,2,1,1.0001434087753296,100,125.0,1
1749478265000000000,AAPL,XNAS,2,-1,1.0010042190551758,100,100.0,1
1749478266000000000,AAPL,XNAS,1,1,1.0003825426101685,100,198.0,1
1749478266000000000,AAPL,XNAS,1,-1,1.000717282295227,100,90.0,1
1749478266000000000,AAPL,XNAS,2,1,1.0001434087753296,100,126.0,1
1749478266000000000,AAPL,XNAS,2,-1,1.0010042190551758,100,100.0,1
1749478268000000000,AAPL,XNAS,1,1,1.0003825426101685,100,198.0,1
1749478268000000000,AAPL,XNAS,1,-1,1.0010042190551758,100,100.0,1
1749478268000000000,AAPL,XNAS,2,1,1.0001434087753296,100,126.0,1
1749478268000000000,AAPL,XNAS,2,-1,1.0011955499649048,100,25.0,1
1749478269000000000,AAPL,XNAS,1,1,1.0003825426101685,100,198.0,1
1749478269000000000,AAPL,XNAS,1,-1,1.0010042190551758,100,100.0,1
1749478269000000000,AAPL,XNAS,2,1,1.000191330909729,100,1.0,1
1749478269000000000,AAPL,XNAS,2,-1,1.0011955499649048,100,25.0,1
1749478272000000000,AAPL,XNAS,1,1,1.0005260705947876,100,90.0,1
1749478272000000000,AAPL,XNAS,1,-1,1.0010042190551758,100,100.0,1
1749478272000000000,AAPL,XNAS,2,1,1.0004782676696777,100,200.0,1
1749478272000000000,AAPL,XNAS,2,-1,1.0014824867248535,100,100.0,1
1749478275000000000,AAPL,XNAS,1,1,1.0008130073547363,100,108.0,1
1749478275000000000,AAPL,XNAS,1,-1,1.0014346837997437,100,90.0,1
1749478275000000000,AAPL,XNAS,2,1,1.0005738735198975,100,200.0,1
1749478275000000000,AAPL,XNAS,2,-1,1.0015302896499634,100,2.0,1
1749478276000000000,AAPL,XNAS,1,1,1.0008130073547363,100,108.0,1
1749478276000000000,AAPL,XNAS,1,-1,1.0014346837997437,100,90.0,1
1749478276000000000,AAPL,XNAS,2,1,1.0004303455352783,100,100.0,1
1749478276000000000,AAPL,XNAS,2,-1,1.0015302896499634,100,2.0,1
1749478278000000000,AAPL,XNAS,1,1,1.0008130073547363,100,108.0,1
1749478278000000000,AAPL,XNAS,1,-1,1.0014346837997437,100,90.0,1
1749478278000000000,AAPL,XNAS,2,1,1.0006216764450073,100,1.0,1
1749478278000000000,AAPL,XNAS,2,-1,1.0015302896499634,100,2.0,1
1749478282000000000,AAPL,XNAS,1,1,1.0008130073547363,100,108.0,1
1749478282000000000,AAPL,XNAS,1,-1,1.0014346837997437,100,90.0,1
1749478282000000000,AAPL,XNAS,2,1,1.0006694793701172,100,1.0,1
1749478282000000000,AAPL,XNAS,2,-1,1.0015302896499634,100,2.0,1
1749478283000000000,AAPL,XNAS,1,1,1.0008130073547363,100,108.0,1
1749478283000000000,AAPL,XNAS,1,-1,1.0014346837997437,100,90.0,1
1749478283000000000,AAPL,XNAS,2,1,1.0005260705947876,100,101.0,1
1749478283000000000,AAPL,XNAS,2,-1,1.0015302896499634,100,2.0,1
1749478290000000000,AAPL,XNAS,1,1,1.0008130073547363,100,90.0,1
1749478290000000000,AAPL,XNAS,1,-1,1.0014824867248535,100,90.0,1
1749478290000000000,AAPL,XNAS,2,1,1.0006216764450073,100,1.0,1
1749478290000000000,AAPL,XNAS,2,-1,1.0015302896499634,100,2.0,1
1749478291000000000,AAPL,XNAS,1,1,1.0008608102798462,100,90.0,1
1749478291000000000,AAPL,XNAS,1,-1,1.0014824867248535,100,90.0,1
1749478291000000000,AAPL,XNAS,2,1,1.0005260705947876,100,100.0,1
1749478291000000000,AAPL,XNAS,2,-1,1.0015302896499634,100,2.0,1
1749478293000000000,AAPL,XNAS,1,1,1.0008608102798462,100,91.0,1
1749478293000000000,AAPL,XNAS,1,-1,1.0014824867248535,100,90.0,1
1749478293000000000,AAPL,XNAS,2,1,1.0005260705947876,100,100.0,1
1749478293000000000,AAPL,XNAS,2,-1,1.0015302896499634,100,2.0,1
1749478294000000000,AAPL,XNAS,1,1,1.0008608102798462,100,92.0,1
1749478294000000000,AAPL,XNAS,1,-1,1.0014824867248535,100,90.0,1
1749478294000000000,AAPL,XNAS,2,1,1.0005260705947876,100,100.0,1
1749478294000000000,AAPL,XNAS,2,-1,1.0015302896499634,100,2.0,1
1749478298000000000,AAPL,XNAS,1,1,1.0008608102798462,100,91.0,1
1749478298000000000,AAPL,XNAS,1,-1,1.0014824867248535,100,90.0,1
1749478298000000000,AAPL,XNAS,2,1,1.0008130073547363,100,22.0,1
1749478298000000000,AAPL,XNAS,2,-1,1.0015302896499634,100,2.0,1
1749478301000000000,AAPL,XNAS,1,1,1.0008608102798462,100,91.0,1
1749478301000000000,AAPL,XNAS,1,-1,1.0014824867248535,100,90.0,1
1749478301000000000,AAPL,XNAS,2,1,1.0008130073547363,100,22.0,1
1749478301000000000,AAPL,XNAS,2,-1,1.0015302896499634,100,2.0,1
1749478312000000000,AAPL,XNAS,1,1,1.0008608102798462,100,1.0,1
1749478312000000000,AAPL,XNAS,1,-1,1.0014824867248535,100,90.0,1
1749478312000000000,AAPL,XNAS,2,1,1.0008130073547363,100,22.0,1
1749478312000000000,AAPL,XNAS,2,-1,1.0015302896499634,100,2.0,1
1749478316000000000,AAPL,XNAS,1,1,1.0008608102798462,100,1.0,1
1749478316000000000,AAPL,XNAS,1,-1,1.0013389587402344,100,90.0,1
1749478316000000000,AAPL,XNAS,2,1,1.0005260705947876,100,101.0,1
1749478316000000000,AAPL,XNAS,2,-1,1.0014346837997437,100,23.0,1
1749478320000000000,AAPL,XNAS,1,1,1.001147747039795,100,90.0,1
1749478320000000000,AAPL,XNAS,1,-1,1.0015302896499634,100,2.0,1
1749478320000000000,AAPL,XNAS,2,1,1.0008608102798462,100,1.0,1
1749478320000000000,AAPL,XNAS,2,-1,1.0017694234848022,100,300.0,2
1749478321000000000,AAPL,XNAS,1,1,1.0013868808746338,100,90.0,1
1749478321000000000,AAPL,XNAS,1,-1,1.0021519660949707,100,90.0,1
1749478321000000000,AAPL,XNAS,2,1,1.0008608102798462,100,1.0,1
1749478321000000000,AAPL,XNAS,2,-1,1.0022475719451904,100,1.0,1
1749478325000000000,AAPL,XNAS,1,1,1.0013868808746338,100,90.0,1
1749478325000000000,AAPL,XNAS,1,-1,1.0021519660949707,100,90.0,1
1749478325000000000,AAPL,XNAS,2,1,1.0008608102798462,100,1.0,1
1749478325000000000,AAPL,XNAS,2,-1,1.0021997690200806,100,200.0,1
1749478328000000000,AAPL,XNAS,1,1,1.0013868808746338,100,90.0,1
1749478328000000000,AAPL,XNAS,1,-1,1.0020085573196411,100,195.0,1
1749478328000000000,AAPL,XNAS,2,1,1.0008608102798462,100,1.0,1
1749478328000000000,AAPL,XNAS,2,-1,1.002056360244751,100,185.0,1
1749478329000000000,AAPL,XNAS,1,1,1.000908613204956,100,90.0,1
1749478329000000000,AAPL,XNAS,1,-1,1.0016738176345825,100,90.0,1
1749478329000000000,AAPL,XNAS,2,1,1.0008608102798462,100,236.0,1
1749478329000000000,AAPL,XNAS,2,-1,1.0017216205596924,100,195.0,1
1749478330000000000,AAPL,XNAS,1,1,1.000908613204956,100,90.0,1
1749478330000000000,AAPL,XNAS,1,-1,1.0016738176345825,100,190.0,1
1749478330000000000,AAPL,XNAS,2,1,1.0008608102798462,100,236.0,1
1749478330000000000,AAPL,XNAS,2,-1,1.0017216205596924,100,195.0,1
1749478331000000000,AAPL,XNAS,1,1,1.000908613204956,100,90.0,1
1749478331000000000,AAPL,XNAS,1,-1,1.001625895500183,100,190.0,1
1749478331000000000,AAPL,XNAS,2,1,1.0008608102798462,100,236.0,1
1749478331000000000,AAPL,XNAS,2,-1,1.0016738176345825,100,100.0,1
1749478333000000000,AAPL,XNAS,1,1,1.000908613204956,100,90.0,1
1749478333000000000,AAPL,XNAS,1,-1,1.001625895500183,100,190.0,1
1749478333000000000,AAPL,XNAS,2,1,1.0008608102798462,100,136.0,1
1749478333000000000,AAPL,XNAS,2,-1,1.0016738176345825,100,100.0,1
1749478336000000000,AAPL,XNAS,1,1,1.000908613204956,100,90.0,1
1749478336000000000,AAPL,XNAS,1,-1,1.001625895500183,100,90.0,1
1749478336000000000,AAPL,XNAS,2,1,1.0008608102798462,100,136.0,1
1749478336000000000,AAPL,XNAS,2,-1,1.0016738176345825,100,100.0,1
1749478347000000000,AAPL,XNAS,1,1,1.000908613204956,100,90.0,1
1749478347000000000,AAPL,XNAS,1,-1,1.001625895500183,100,90.0,1
1749478347000000000,AAPL,XNAS,2,1,1.0008608102798462,100,102.0,1
1749478347000000000,AAPL,XNAS,2,-1,1.0016738176345825,100,100.0,1
1749478351000000000,AAPL,XNAS,1,1,1.001147747039795,100,90.0,1
1749478351000000000,AAPL,XNAS,1,-1,1.0017216205596924,100,195.0,1
1749478351000000000,AAPL,XNAS,2,1,1.0008608102798462,100,102.0,1
1749478351000000000,AAPL,XNAS,2,-1,1.0017694234848022,100,95.0,1
1749478359000000000,AAPL,XNAS,1,1,1.000908613204956,100,90.0,1
1749478359000000000,AAPL,XNAS,1,-1,1.0013868808746338,100,100.0,1
1749478359000000000,AAPL,XNAS,2,1,1.0008608102798462,100,102.0,1
1749478359000000000,AAPL,XNAS,2,-1,1.001865029335022,100,25.0,1
1749478361000000000,AAPL,XNAS,1,1,1.000908613204956,100,108.0,1
1749478361000000000,AAPL,XNAS,1,-1,1.0015780925750732,100,90.0,1
1749478361000000000,AAPL,XNAS,2,1,1.0008608102798462,100,101.0,1
1749478361000000000,AAPL,XNAS,2,-1,1.001865029335022,100,25.0,1
1749478362000000000,AAPL,XNAS,1,1,1.000908613204956,100,109.0,1
1749478362000000000,AAPL,XNAS,1,-1,1.0015780925750732,100,90.0,1
1749478362000000000,AAPL,XNAS,2,1,1.0008608102798462,100,101.0,1
1749478362000000000,AAPL,XNAS,2,-1,1.001865029335022,100,25.0,1
1749478363000000000,AAPL,XNAS,1,1,1.000908613204956,100,90.0,1
1749478363000000000,AAPL,XNAS,1,-1,1.0013868808746338,100,100.0,1
1749478363000000000,AAPL,XNAS,2,1,1.0008608102798462,100,102.0,1
1749478363000000000,AAPL,XNAS,2,-1,1.001865029335022,100,25.0,1
1749478381000000000,AAPL,XNAS,1,1,1.000908613204956,100,90.0,1
1749478381000000000,AAPL,XNAS,1,-1,1.0013868808746338,100,100.0,1
1749478381000000000,AAPL,XNAS,2,1,1.0008608102798462,100,202.0,1
1749478381000000000,AAPL,XNAS,2,-1,1.001865029335022,100,25.0,1
1749478382000000000,AAPL,XNAS,1,1,1.000908613204956,100,90.0,1
1749478382000000000,AAPL,XNAS,1,-1,1.001817226409912,100,90.0,1
1749478382000000000,AAPL,XNAS,2,1,1.0008608102798462,100,202.0,1
1749478382000000000,AAPL,XNAS,2,-1,1.001865029335022,100,70.0,1
1749478384000000000,AAPL,XNAS,1,1,1.000908613204956,100,90.0,1
1749478384000000000,AAPL,XNAS,1,-1,1.0013868808746338,100,100.0,1
1749478384000000000,AAPL,XNAS,2,1,1.0008608102798462,100,204.0,1
1749478384000000000,AAPL,XNAS,2,-1,1.001865029335022,100,25.0,1
1749478385000000000,AAPL,XNAS,1,1,1.0011955499649048,100,90.0,1
1749478385000000000,AAPL,XNAS,1,-1,1.0017694234848022,100,90.0,1
1749478385000000000,AAPL,XNAS,2,1,1.001147747039795,100,100.0,1
1749478385000000000,AAPL,XNAS,2,-1,1.0022475719451904,100,1.0,1
1749478388000000000,AAPL,XNAS,1,1,1.0011955499649048,100,90.0,1
1749478388000000000,AAPL,XNAS,1,-1,1.0017694234848022,100,90.0,1
1749478388000000000,AAPL,XNAS,2,1,1.001147747039795,100,200.0,1
1749478388000000000,AAPL,XNAS,2,-1,1.0022475719451904,100,1.0,1
1749478389000000000,AAPL,XNAS,1,1,1.0011955499649048,100,90.0,1
1749478389000000000,AAPL,XNAS,1,-1,1.0017694234848022,100,90.0,1
1749478389000000000,AAPL,XNAS,2,1,1.001147747039795,100,101.0,1
1749478389000000000,AAPL,XNAS,2,-1,1.0022475719451904,100,1.0,1
1749478390000000000,AAPL,XNAS,1,1,1.0011955499649048,100,90.0,1
1749478390000000000,AAPL,XNAS,1,-1,1.0017694234848022,100,90.0,1
1749478390000000000,AAPL,XNAS,2,1,1.001147747039795,100,100.0,1
1749478390000000000,AAPL,XNAS,2,-1,1.0022475719451904,100,1.0,1
1749478407000000000,AAPL,XNAS,1,1,1.0011955499649048,100,90.0,1
1749478407000000000,AAPL,XNAS,1,-1,1.0017694234848022,100,90.0,1
1749478407000000000,AAPL,XNAS,2,1,1.001147747039795,100,200.0,1
1749478407000000000,AAPL,XNAS,2,-1,1.0022475719451904,100,1.0,1
1749478411000000000,AAPL,XNAS,1,1,1.0014346837997437,100,1.0,1
1749478411000000000,AAPL,XNAS,1,-1,1.0017694234848022,100,90.0,1
1749478411000000000,AAPL,XNAS,2,1,1.001147747039795,100,200.0,1
1749478411000000000,AAPL,XNAS,2,-1,1.0022475719451904,100,1.0,1
1749478412000000000,AAPL,XNAS,1,1,1.0015302896499634,100,1.0,1
1749478412000000000,AAPL,XNAS,1,-1,1.0017694234848022,100,90.0,1
1749478412000000000,AAPL,XNAS,2,1,1.0014824867248535,100,100.0,1
1749478412000000000,AAPL,XNAS,2,-1,1.0022475719451904,100,1.0,1
1749478413000000000,AAPL,XNAS,1,1,1.001147747039795,100,200.0,1
1749478413000000000,AAPL,XNAS,1,-1,1.0017216205596924,100,90.0,1
1749478413000000000,AAPL,XNAS,2,1,1.000908613204956,100,21.0,1
1749478413000000000,AAPL,XNAS,2,-1,1.0022475719451904,100,1.0,1
1749478416000000000,AAPL,XNAS,1,1,1.0011955499649048,100,90.0,1
1749478416000000000,AAPL,XNAS,1,-1,1.0017216205596924,100,90.0,1
1749478416000000000,AAPL,XNAS,2,1,1.001147747039795,100,200.0,1
1749478416000000000,AAPL,XNAS,2,-1,1.0022475719451904,100,1.0,1
1749478418000000000,AAPL,XNAS,1,1,1.0011955499649048,100,90.0,1
1749478418000000000,AAPL,XNAS,1,-1,1.0017216205596924,100,90.0,1
1749478418000000000,AAPL,XNAS,2,1,1.001147747039795,100,100.0,1
1749478418000000000,AAPL,XNAS,2,-1,1.0022475719451904,100,1.0,1
1749478431000000000,AAPL,XNAS,1,1,1.0011955499649048,100,143.0,1
1749478431000000000,AAPL,XNAS,1,-1,1.0021041631698608,100,90.0,1
1749478431000000000,AAPL,XNAS,2,1,1.001147747039795,100,300.0,2
1749478431000000000,AAPL,XNAS,2,-1,1.0022475719451904,100,1.0,1
1749478432000000000,AAPL,XNAS,1,1,1.0014824867248535,100,1.0,1
1749478432000000000,AAPL,XNAS,1,-1,1.0020085573196411,100,90.0,1
1749478432000000000,AAPL,XNAS,2,1,1.0011955499649048,100,43.0,1
1749478432000000000,AAPL,XNAS,2,-1,1.0022475719451904,100,1.0,1
1749478433000000000,AAPL,XNAS,1,1,1.0014824867248535,100,1.0,1
1749478433000000000,AAPL,XNAS,1,-1,1.0019128322601318,100,90.0,1
1749478433000000000,AAPL,XNAS,2,1,1.0011955499649048,100,43.0,1
1749478433000000000,AAPL,XNAS,2,-1,1.0020085573196411,100,79.0,1
1749478435000000000,AAPL,XNAS,1,1,1.0014824867248535,100,1.0,1
1749478435000000000,AAPL,XNAS,1,-1,1.0019128322601318,100,90.0,1
1749478435000000000,AAPL,XNAS,2,1,1.001147747039795,100,301.0,2
1749478435000000000,AAPL,XNAS,2,-1,1.0020085573196411,100,79.0,1
1749478444000000000,AAPL,XNAS,1,1,1.0014824867248535,100,3.0,1
1749478444000000000,AAPL,XNAS,1,-1,1.0019128322601318,100,90.0,1
1749478444000000000,AAPL,XNAS,2,1,1.001147747039795,100,301.0,2
1749478444000000000,AAPL,XNAS,2,-1,1.0020085573196411,100,79.0,1
1749478447000000000,AAPL,XNAS,1,1,1.0015302896499634,100,90.0,1
1749478447000000000,AAPL,XNAS,1,-1,1.0020085573196411,100,79.0,1
1749478447000000000,AAPL,XNAS,2,1,1.0014824867248535,100,3.0,1
1749478447000000000,AAPL,XNAS,2,-1,1.0022475719451904,100,1.0,1
1749478449000000000,AAPL,XNAS,1,1,1.0015302896499634,100,108.0,1
1749478449000000000,AAPL,XNAS,1,-1,1.0021519660949707,100,90.0,1
1749478449000000000,AAPL,XNAS,2,1,1.0014824867248535,100,29.0,1
1749478449000000000,AAPL,XNAS,2,-1,1.0022475719451904,100,1.0,1
1749478450000000000,AAPL,XNAS,1,1,1.0015302896499634,100,108.0,1
1749478450000000000,AAPL,XNAS,1,-1,1.0021519660949707,100,90.0,1
1749478450000000000,AAPL,XNAS,2,1,1.0014824867248535,100,26.0,1
1749478450000000000,AAPL,XNAS,2,-1,1.0022475719451904,100,1.0,1
1749478451000000000,AAPL,XNAS,1,1,1.0015302896499634,100,90.0,1
1749478451000000000,AAPL,XNAS,1,-1,1.002056360244751,100,90.0,1
1749478451000000000,AAPL,XNAS,2,1,1.0013389587402344,100,101.0,1
1749478451000000000,AAPL,XNAS,2,-1,1.0021519660949707,100,1.0,1
1749478453000000000,AAPL,XNAS,1,1,1.0015302896499634,100,90.0,1
1749478453000000000,AAPL,XNAS,1,-1,1.0020085573196411,100,90.0,1
1749478453000000000,AAPL,XNAS,2,1,1.0013389587402344,100,101.0,1
1749478453000000000,AAPL,XNAS,2,-1,1.002056360244751,100,79.0,1
1749478459000000000,AAPL,XNAS,1,1,1.0012911558151245,100,14.0,1
1749478459000000000,AAPL,XNAS,1,-1,1.0019606351852417,100,90.0,1
1749478459000000000,AAPL,XNAS,2,1,1.001147747039795,100,301.0,2
1749478459000000000,AAPL,XNAS,2,-1,1.0020085573196411,100,79.0,1
1749478460000000000,AAPL,XNAS,1,1,1.0011955499649048,100,90.0,1
1749478460000000000,AAPL,XNAS,1,-1,1.0017216205596924,100,90.0,1
1749478460000000000,AAPL,XNAS,2,1,1.001147747039795,100,200.0,1
1749478460000000000,AAPL,XNAS,2,-1,1.0020085573196411,100,79.0,1
1749478464000000000,AAPL,XNAS,1,1,1.001147747039795,100,100.0,1
1749478464000000000,AAPL,XNAS,1,-1,1.001625895500183,100,90.0,1
1749478464000000000,AAPL,XNAS,2,1,1.0010042190551758,100,1.0,1
1749478464000000000,AAPL,XNAS,2,-1,1.0017216205596924,100,79.0,1
1749478468000000000,AAPL,XNAS,1,1,1.0011955499649048,100,90.0,1
1749478468000000000,AAPL,XNAS,1,-1,1.0017216205596924,100,79.0,1
1749478468000000000,AAPL,XNAS,2,1,1.001147747039795,100,100.0,1
1749478468000000000,AAPL,XNAS,2,-1,1.0022475719451904,100,1.0,1
1749478471000000000,AAPL,XNAS,1,1,1.001147747039795,100,101.0,1
1749478471000000000,AAPL,XNAS,1,-1,1.0014346837997437,100,2.0,1
1749478471000000000,AAPL,XNAS,2,1,1.0010520219802856,100,100.0,1
1749478471000000000,AAPL,XNAS,2,-1,1.0017216205596924,100,79.0,1
1749478472000000000,AAPL,XNAS,1,1,1.001147747039795,100,101.0,1
1749478472000000000,AAPL,XNAS,1,-1,1.0014346837997437,100,3.0,1
1749478472000000000,AAPL,XNAS,2,1,1.0010520219802856,100,100.0,1
1749478472000000000,AAPL,XNAS,2,-1,1.0017216205596924,100,79.0,1
1749478473000000000,AAPL,XNAS,1,1,1.001147747039795,100,100.0,1
1749478473000000000,AAPL,XNAS,1,-1,1.0014346837997437,100,3.0,1
1749478473000000000,AAPL,XNAS,2,1,1.0010042190551758,100,101.0,1
1749478473000000000,AAPL,XNAS,2,-1,1.0017216205596924,100,79.0,1
1749478480000000000,AAPL,XNAS,1,1,1.001147747039795,100,200.0,1
1749478480000000000,AAPL,XNAS,1,-1,1.0016738176345825,100,90.0,1
1749478480000000000,AAPL,XNAS,2,1,1.0010520219802856,100,14.0,1
1749478480000000000,AAPL,XNAS,2,-1,1.0017216205596924,100,79.0,1
1749478483000000000,AAPL,XNAS,1,1,1.0011955499649048,100,90.0,1
1749478483000000000,AAPL,XNAS,1,-1,1.0016738176345825,100,90.0,1
1749478483000000000,AAPL,XNAS,2,1,1.001147747039795,100,200.0,1
1749478483000000000,AAPL,XNAS,2,-1,1.0017216205596924,100,79.0,1
1749478484000000000,AAPL,XNAS,1,1,1.0011955499649048,100,90.0,1
1749478484000000000,AAPL,XNAS,1,-1,1.0016738176345825,100,90.0,1
1749478484000000000,AAPL,XNAS,2,1,1.001147747039795,100,201.0,1
1749478484000000000,AAPL,XNAS,2,-1,1.0017216205596924,100,79.0,1
1749478485000000000,AAPL,XNAS,1,1,1.0011955499649048,100,90.0,1
1749478485000000000,AAPL,XNAS,1,-1,1.0017216205596924,100,79.0,1
1749478485000000000,AAPL,XNAS,2,1,1.001147747039795,100,202.0,1
1749478485000000000,AAPL,XNAS,2,-1,1.0022475719451904,100,1.0,1
1749478486000000000,AAPL,XNAS,1,1,1.0011955499649048,100,90.0,1
1749478486000000000,AAPL,XNAS,1,-1,1.0017216205596924,100,179.0,1
1749478486000000000,AAPL,XNAS,2,1,1.001147747039795,100,202.0,1
1749478486000000000,AAPL,XNAS,2,-1,1.0022475719451904,100,1.0,1
1749478488000000000,AAPL,XNAS,1,1,1.001147747039795,100,202.0,1
1749478488000000000,AAPL,XNAS,1,-1,1.0017216205596924,100,179.0,1
1749478488000000000,AAPL,XNAS,2,1,1.001099944114685,100,100.0,1
1749478488000000000,AAPL,XNAS,2,-1,1.0022475719451904,100,1.0,1
1749478495000000000,AAPL,XNAS,1,1,1.0013389587402344,100,90.0,1
1749478495000000000,AAPL,XNAS,1,-1,1.0017216205596924,100,179.0,1
1749478495000000000,AAPL,XNAS,2,1,1.001147747039795,100,202.0,1
1749478495000000000,AAPL,XNAS,2,-1,1.0022475719451904,100,1.0,1
1749478496000000000,AAPL,XNAS,1,1,1.0013389587402344,100,90.0,1
1749478496000000000,AAPL,XNAS,1,-1,1.0017216205596924,100,179.0,1
1749478496000000000,AAPL,XNAS,2,1,1.001147747039795,100,201.0,1
1749478496000000000,AAPL,XNAS,2,-1,1.0022475719451904,100,1.0,1
1749478501000000000,AAPL,XNAS,1,1,1.0013389587402344,100,91.0,1
1749478501000000000,AAPL,XNAS,1,-1,1.0017216205596924,100,179.0,1
1749478501000000000,AAPL,XNAS,2,1,1.001147747039795,100,201.0,1
1749478501000000000,AAPL,XNAS,2,-1,1.0022475719451904,100,1.0,1
1749478502000000000,AAPL,XNAS,1,1,1.0013389587402344,100,90.0,1
1749478502000000000,AAPL,XNAS,1,-1,1.0017216205596924,100,179.0,1
1749478502000000000,AAPL,XNAS,2,1,1.001147747039795,100,202.0,1
1749478502000000000,AAPL,XNAS,2,-1,1.0022475719451904,100,1.0,1
1749478504000000000,AAPL,XNAS,1,1,1.0013389587402344,100,91.0,1
1749478504000000000,AAPL,XNAS,1,-1,1.0017216205596924,100,179.0,1
1749478504000000000,AAPL,XNAS,2,1,1.0011955499649048,100,1.0,1
1749478504000000000,AAPL,XNAS,2,-1,1.0022475719451904,100,1.0,1
1749478505000000000,AAPL,XNAS,1,1,1.0013389587402344,100,91.0,1
1749478505000000000,AAPL,XNAS,1,-1,1.0017216205596924,100,179.0,1
1749478505000000000,AAPL,XNAS,2,1,1.0012911558151245,100,20.0,1
1749478505000000000,AAPL,XNAS,2,-1,1.0022475719451904,100,1.0,1
1749478516000000000,AAPL,XNAS,1,1,1.0013389587402344,100,1.0,1
1749478516000000000,AAPL,XNAS,1,-1,1.0017216205596924,100,179.0,1
1749478516000000000,AAPL,XNAS,2,1,1.0012911558151245,100,20.0,1
1749478516000000000,AAPL,XNAS,2,-1,1.0022475719451904,100,1.0,1
1749478518000000000,AAPL,XNAS,1,1,1.0013389587402344,100,1.0,1
1749478518000000000,AAPL,XNAS,1,-1,1.0016738176345825,100,190.0,1
1749478518000000000,AAPL,XNAS,2,1,1.0012911558151245,100,20.0,1
1749478518000000000,AAPL,XNAS,2,-1,1.0017216205596924,100,179.0,1
1749478519000000000,AAPL,XNAS,1,1,1.0012911558151245,100,20.0,1
1749478519000000000,AAPL,XNAS,1,-1,1.0017216205596924,100,179.0,1
1749478519000000000,AAPL,XNAS,2,1,1.001147747039795,100,202.0,1
1749478519000000000,AAPL,XNAS,2,-1,1.0022475719451904,100,1.0,1
1749478520000000000,AAPL,XNAS,1,1,1.001147747039795,100,202.0,1
1749478520000000000,AAPL,XNAS,1,-1,1.0016738176345825,100,90.0,1
1749478520000000000,AAPL,XNAS,2,1,1.0010042190551758,100,100.0,1
1749478520000000000,AAPL,XNAS,2,-1,1.0017216205596924,100,179.0,1
1749478523000000000,AAPL,XNAS,1,1,1.001147747039795,100,202.0,1
1749478523000000000,AAPL,XNAS,1,-1,1.0016738176345825,100,169.0,1
1749478523000000000,AAPL,XNAS,2,1,1.0010042190551758,100,100.0,1
1749478523000000000,AAPL,XNAS,2,-1,1.0017216205596924,100,100.0,1
1749478532000000000,AAPL,XNAS,1,1,1.0012911558151245,100,101.0,1
1749478532000000000,AAPL,XNAS,1,-1,1.0016738176345825,100,79.0,1
1749478532000000000,AAPL,XNAS,2,1,1.001147747039795,100,301.0,2
1749478532000000000,AAPL,XNAS,2,-1,1.0017216205596924,100,100.0,1
1749478534000000000,AAPL,XNAS,1,1,1.001147747039795,100,301.0,2
1749478534000000000,AAPL,XNAS,1,-1,1.0016738176345825,100,90.0,1
1749478534000000000,AAPL,XNAS,2,1,1.0010042190551758,100,101.0,1
1749478534000000000,AAPL,XNAS,2,-1,1.0017216205596924,100,100.0,1
1749478541000000000,AAPL,XNAS,1,1,1.001147747039795,100,301.0,2
1749478541000000000,AAPL,XNAS,1,-1,1.0016738176345825,100,169.0,1
1749478541000000000,AAPL,XNAS,2,1,1.0010042190551758,100,101.0,1
1749478541000000000,AAPL,XNAS,2,-1,1.0017216205596924,100,100.0,1
1749478548000000000,AAPL,XNAS,1,1,1.001147747039795,100,101.0,1
1749478548000000000,AAPL,XNAS,1,-1,1.0016738176345825,100,169.0,1
1749478548000000000,AAPL,XNAS,2,1,1.0010042190551758,100,101.0,1
1749478548000000000,AAPL,XNAS,2,-1,1.0017216205596924,100,100.0,1
1749478549000000000,AAPL,XNAS,1,1,1.001147747039795,100,1.0,1
1749478549000000000,AAPL,XNAS,1,-1,1.0016738176345825,100,169.0,1
1749478549000000000,AAPL,XNAS,2,1,1.0008608102798462,100,2.0,1
1749478549000000000,AAPL,XNAS,2,-1,1.0017216205596924,100,100.0,1
1749478550000000000,AAPL,XNAS,1,1,1.001147747039795,100,2.0,1
1749478550000000000,AAPL,XNAS,1,-1,1.0016738176345825,100,169.0,1
1749478550000000000,AAPL,XNAS,2,1,1.0008608102798462,100,2.0,1
1749478550000000000,AAPL,XNAS,2,-1,1.0017216205596924,100,100.0,1
1749478554000000000,AAPL,XNAS,1,1,1.001147747039795,100,2.0,1
1749478554000000000,AAPL,XNAS,1,-1,1.0016738176345825,100,169.0,1
1749478554000000000,AAPL,XNAS,2,1,1.000956416130066,100,101.0,1
1749478554000000000,AAPL,XNAS,2,-1,1.0017216205596924,100,100.0,1
1749478562000000000,AAPL,XNAS,1,1,1.001147747039795,100,1.0,1
1749478562000000000,AAPL,XNAS,1,-1,1.0015780925750732,100,90.0,1
1749478562000000000,AAPL,XNAS,2,1,1.000956416130066,100,101.0,1
1749478562000000000,AAPL,XNAS,2,-1,1.0016738176345825,100,79.0,1
1749478563000000000,AAPL,XNAS,1,1,1.001147747039795,100,1.0,1
1749478563000000000,AAPL,XNAS,1,-1,1.0015780925750732,100,90.0,1
1749478563000000000,AAPL,XNAS,2,1,1.000956416130066,100,101.0,1
1749478563000000000,AAPL,XNAS,2,-1,1.0017216205596924,100,100.0,1
1749478564000000000,AAPL,XNAS,1,1,1.001147747039795,100,3.0,1
1749478564000000000,AAPL,XNAS,1,-1,1.0015780925750732,100,90.0,1
1749478564000000000,AAPL,XNAS,2,1,1.000956416130066,100,101.0,1
1749478564000000000,AAPL,XNAS,2,-1,1.0017216205596924,100,100.0,1
1749478566000000000,AAPL,XNAS,1,1,1.001147747039795,100,4.0,1
1749478566000000000,AAPL,XNAS,1,-1,1.0015780925750732,100,90.0,1
1749478566000000000,AAPL,XNAS,2,1,1.0010520219802856,100,100.0,1
1749478566000000000,AAPL,XNAS,2,-1,1.0017216205596924,100,100.0,1
1749478573000000000,AAPL,XNAS,1,1,1.001147747039795,100,9.0,1
1749478573000000000,AAPL,XNAS,1,-1,1.0015780925750732,100,90.0,1
1749478573000000000,AAPL,XNAS,2,1,1.0010520219802856,100,100.0,1
1749478573000000000,AAPL,XNAS,2,-1,1.0017216205596924,100,100.0,1
1749478575000000000,AAPL,XNAS,1,1,1.0015780925750732,100,90.0,1
1749478575000000000,AAPL,XNAS,1,-1,1.0022475719451904,100,90.0,1
1749478575000000000,AAPL,XNAS,2,1,1.0015302896499634,100,100.0,1
1749478575000000000,AAPL,XNAS,2,-1,1.0025345087051392,100,100.0,1
1749478576000000000,AAPL,XNAS,1,1,1.0015780925750732,100,90.0,1
1749478576000000000,AAPL,XNAS,1,-1,1.0022475719451904,100,90.0,1
1749478576000000000,AAPL,XNAS,2,1,1.0015302896499634,100,200.0,1
1749478576000000000,AAPL,XNAS,2,-1,1.0025345087051392,100,100.0,1
1749478578000000000,AAPL,XNAS,1,1,1.0015780925750732,100,90.0,1
1749478578000000000,AAPL,XNAS,1,-1,1.0022475719451904,100,90.0,1
1749478578000000000,AAPL,XNAS,2,1,1.0015302896499634,100,205.0,1
1749478578000000000,AAPL,XNAS,2,-1,1.0025345087051392,100,100.0,1
1749478579000000000,AAPL,XNAS,1,1,1.0015780925750732,100,90.0,1
1749478579000000000,AAPL,XNAS,1,-1,1.0022475719451904,100,90.0,1
1749478579000000000,AAPL,XNAS,2,1,1.0015302896499634,100,206.0,1
1749478579000000000,AAPL,XNAS,2,-1,1.0025345087051392,100,100.0,1
1749478580000000000,AAPL,XNAS,1,1,1.0015780925750732,100,91.0,1
1749478580000000000,AAPL,XNAS,1,-1,1.0022475719451904,100,90.0,1
1749478580000000000,AAPL,XNAS,2,1,1.0015302896499634,100,205.0,1
1749478580000000000,AAPL,XNAS,2,-1,1.0025824308395386,100,26.0,1
1749478581000000000,AAPL,XNAS,1,1,1.0015780925750732,100,93.0,1
1749478581000000000,AAPL,XNAS,1,-1,1.0022475719451904,100,90.0,1
1749478581000000000,AAPL,XNAS,2,1,1.0015302896499634,100,205.0,1
1749478581000000000,AAPL,XNAS,2,-1,1.0027258396148682,100,100.0,1
1749478583000000000,AAPL,XNAS,1,1,1.0015780925750732,100,93.0,1
1749478583000000000,AAPL,XNAS,1,-1,1.0022475719451904,100,90.0,1
1749478583000000000,AAPL,XNAS,2,1,1.0015302896499634,100,105.0,1
1749478583000000000,AAPL,XNAS,2,-1,1.0027258396148682,100,100.0,1
1749478588000000000,AAPL,XNAS,1,1,1.0013868808746338,100,39.0,1
1749478588000000000,AAPL,XNAS,1,-1,1.0017694234848022,100,90.0,1
1749478588000000000,AAPL,XNAS,2,1,1.001147747039795,100,1.0,1
1749478588000000000,AAPL,XNAS,2,-1,1.0025824308395386,100,26.0,1
1749478591000000000,AAPL,XNAS,1,1,1.0013868808746338,100,39.0,1
1749478591000000000,AAPL,XNAS,1,-1,1.0017694234848022,100,90.0,1
1749478591000000000,AAPL,XNAS,2,1,1.0011955499649048,100,100.0,1
1749478591000000000,AAPL,XNAS,2,-1,1.0025824308395386,100,26.0,1
1749478592000000000,AAPL,XNAS,1,1,1.0015302896499634,100,1.0,1
1749478592000000000,AAPL,XNAS,1,-1,1.0017694234848022,100,90.0,1
1749478592000000000,AAPL,XNAS,2,1,1.0013868808746338,100,39.0,1
1749478592000000000,AAPL,XNAS,2,-1,1.0025824308395386,100,26.0,1
1749478593000000000,AAPL,XNAS,1,1,1.0015780925750732,100,90.0,1
1749478593000000000,AAPL,XNAS,1,-1,1.0021041631698608,100,90.0,1
1749478593000000000,AAPL,XNAS,2,1,1.0015302896499634,100,1.0,1
1749478593000000000,AAPL,XNAS,2,-1,1.0025824308395386,100,26.0,1
1749478594000000000,AAPL,XNAS,1,1,1.0012433528900146,100,90.0,1
1749478594000000000,AAPL,XNAS,1,-1,1.001865029335022,100,90.0,1
1749478594000000000,AAPL,XNAS,2,1,1.0011955499649048,100,101.0,1
1749478594000000000,AAPL,XNAS,2,-1,1.0019128322601318,100,15.0,1
1749478595000000000,AAPL,XNAS,1,1,1.0012433528900146,100,90.0,1
1749478595000000000,AAPL,XNAS,1,-1,1.0017694234848022,100,90.0,1
1749478595000000000,AAPL,XNAS,2,1,1.0011955499649048,100,1.0,1
1749478595000000000,AAPL,XNAS,2,-1,1.0025824308395386,100,26.0,1
1749478599000000000,AAPL,XNAS,1,1,1.0012433528900146,100,90.0,1
1749478599000000000,AAPL,XNAS,1,-1,1.0020085573196411,100,90.0,1
1749478599000000000,AAPL,XNAS,2,1,1.0011955499649048,100,1.0,1
1749478599000000000,AAPL,XNAS,2,-1,1.0025824308395386,100,26.0,1
1749478603000000000,AAPL,XNAS,1,1,1.0012433528900146,100,108.0,1
1749478603000000000,AAPL,XNAS,1,-1,1.0020085573196411,100,90.0,1
1749478603000000000,AAPL,XNAS,2,1,1.001147747039795,100,1.0,1
1749478603000000000,AAPL,XNAS,2,-1,1.0025824308395386,100,26.0,1
1749478604000000000,AAPL,XNAS,1,1,1.0012433528900146,100,109.0,1
1749478604000000000,AAPL,XNAS,1,-1,1.0020085573196411,100,90.0,1
1749478604000000000,AAPL,XNAS,2,1,1.001147747039795,100,1.0,1
1749478604000000000,AAPL,XNAS,2,-1,1.0025824308395386,100,26.0,1
1749478605000000000,AAPL,XNAS,1,1,1.0013389587402344,100,90.0,1
1749478605000000000,AAPL,XNAS,1,-1,1.0020085573196411,100,90.0,1
1749478605000000000,AAPL,XNAS,2,1,1.0012911558151245,100,100.0,1
1749478605000000000,AAPL,XNAS,2,-1,1.0025824308395386,100,26.0,1
1749478608000000000,AAPL,XNAS,1,1,1.0013389587402344,100,90.0,1
1749478608000000000,AAPL,XNAS,1,-1,1.0020085573196411,100,90.0,1
1749478608000000000,AAPL,XNAS,2,1,1.0012911558151245,100,101.0,1
1749478608000000000,AAPL,XNAS,2,-1,1.0025824308395386,100,26.0,1
1749478610000000000,AAPL,XNAS,1,1,1.0014346837997437,100,90.0,1
1749478610000000000,AAPL,XNAS,1,-1,1.0022475719451904,100,90.0,1
1749478610000000000,AAPL,XNAS,2,1,1.0013389587402344,100,1.0,1
1749478610000000000,AAPL,XNAS,2,-1,1.0025824308395386,100,26.0,1
1749478612000000000,AAPL,XNAS,1,1,1.0014346837997437,100,90.0,1
1749478612000000000,AAPL,XNAS,1,-1,1.0022475719451904,100,90.0,1
1749478612000000000,AAPL,XNAS,2,1,1.0013389587402344,100,21.0,1
1749478612000000000,AAPL,XNAS,2,-1,1.0025824308395386,100,26.0,1
1749478613000000000,AAPL,XNAS,1,1,1.0014346837997437,100,90.0,1
1749478613000000000,AAPL,XNAS,1,-1,1.0021519660949707,100,90.0,1
1749478613000000000,AAPL,XNAS,2,1,1.0013389587402344,100,21.0,1
1749478613000000000,AAPL,XNAS,2,-1,1.0025824308395386,100,26.0,1
1749478615000000000,AAPL,XNAS,1,1,1.0014346837997437,100,90.0,1
1749478615000000000,AAPL,XNAS,1,-1,1.0021519660949707,100,90.0,1
1749478615000000000,AAPL,XNAS,2,1,1.0012433528900146,100,102.0,1
1749478615000000000,AAPL,XNAS,2,-1,1.0025824308395386,100,26.0,1
1749478618000000000,AAPL,XNAS,1,1,1.0014346837997437,100,90.0,1
1749478618000000000,AAPL,XNAS,1,-1,1.0021519660949707,100,190.0,1
1749478618000000000,AAPL,XNAS,2,1,1.0012433528900146,100,102.0,1
1749478618000000000,AAPL,XNAS,2,-1,1.0025824308395386,100,26.0,1
1749478620000000000,AAPL,XNAS,1,1,1.0013389587402344,100,90.0,1
1749478620000000000,AAPL,XNAS,1,-1,1.002056360244751,100,90.0,1
1749478620000000000,AAPL,XNAS,2,1,1.0012433528900146,100,102.0,1
1749478620000000000,AAPL,XNAS,2,-1,1.0021519660949707,100,100.0,1
1749478621000000000,AAPL,XNAS,1,1,1.0016738176345825,100,1.0,1
1749478621000000000,AAPL,XNAS,1,-1,1.002056360244751,100,90.0,1
1749478621000000000,AAPL,XNAS,2,1,1.0012433528900146,100,102.0,1
1749478621000000000,AAPL,XNAS,2,-1,1.0021519660949707,100,100.0,1
1749478622000000000,AAPL,XNAS,1,1,1.0016738176345825,100,1.0,1
1749478622000000000,AAPL,XNAS,1,-1,1.002056360244751,100,90.0,1
1749478622000000000,AAPL,XNAS,2,1,1.0014346837997437,100,26.0,1
1749478622000000000,AAPL,XNAS,2,-1,1.0021519660949707,100,100.0,1
1749478624000000000,AAPL,XNAS,1,1,1.0016738176345825,100,1.0,1
1749478624000000000,AAPL,XNAS,1,-1,1.002056360244751,100,96.0,1
1749478624000000000,AAPL,XNAS,2,1,1.0014346837997437,100,26.0,1
1749478624000000000,AAPL,XNAS,2,-1,1.0021519660949707,100,100.0,1
1749478625000000000,AAPL,XNAS,1,1,1.0016738176345825,100,1.0,1
1749478625000000000,AAPL,XNAS,1,-1,1.002056360244751,100,96.0,1
1749478625000000000,AAPL,XNAS,2,1,1.0014346837997437,100,126.0,1
1749478625000000000,AAPL,XNAS,2,-1,1.0021519660949707,100,100.0,1
1749478626000000000,AAPL,XNAS,1,1,1.0016738176345825,100,1.0,1
1749478626000000000,AAPL,XNAS,1,-1,1.002056360244751,100,92.0,1
1749478626000000000,AAPL,XNAS,2,1,1.0014346837997437,100,126.0,1
1749478626000000000,AAPL,XNAS,2,-1,1.0021519660949707,100,100.0,1
1749478631000000000,AAPL,XNAS,1,1,1.0016738176345825,100,1.0,1
1749478631000000000,AAPL,XNAS,1,-1,1.002056360244751,100,90.0,1
1749478631000000000,AAPL,XNAS,2,1,1.0014346837997437,100,126.0,1
1749478631000000000,AAPL,XNAS,2,-1,1.0021519660949707,100,100.0,1
1749478637000000000,AAPL,XNAS,1,1,1.0014346837997437,100,100.0,1
1749478637000000000,AAPL,XNAS,1,-1,1.0021041631698608,100,90.0,1
1749478637000000000,AAPL,XNAS,2,1,1.0012433528900146,100,203.0,1
1749478637000000000,AAPL,XNAS,2,-1,1.0021519660949707,100,100.0,1
1749478638000000000,AAPL,XNAS,1,1,1.0014346837997437,100,100.0,1
1749478638000000000,AAPL,XNAS,1,-1,1.0021041631698608,100,90.0,1
1749478638000000000,AAPL,XNAS,2,1,1.0012433528900146,100,103.0,1
1749478638000000000,AAPL,XNAS,2,-1,1.0021519660949707,100,100.0,1
1749478642000000000,AAPL,XNAS,1,1,1.0014346837997437,100,100.0,1
1749478642000000000,AAPL,XNAS,1,-1,1.0020085573196411,100,90.0,1
1749478642000000000,AAPL,XNAS,2,1,1.0012433528900146,100,103.0,1
1749478642000000000,AAPL,XNAS,2,-1,1.0021519660949707,100,100.0,1
1749478643000000000,AAPL,XNAS,1,1,1.001147747039795,100,1.0,1
1749478643000000000,AAPL,XNAS,1,-1,1.0020085573196411,100,290.0,2
